

@string{jrssb = "Journal of the Royal Statistical Society, \normalfont{Series~B}"}
@string{jrssc = "Journal of the Royal Statistical Society, \normalfont{Series~C}"}
@string{JASA = "Journal of the American Statistical Association"}

Vannucci, M. (2021). Handbook of Bayesian Variable Selection (M.G. Tadesse, Ed.) (1st ed.). Chapman and Hall/CRC. https://doi.org/10.1201/9781003089018

@article{michalopoulou:2021,
  title={Impact of comorbidities at diagnosis on the 10-year colorectal cancer net survival: A population-based study},
  author={Michalopoulou, E. and Matthes, K.L. and Karavasiloglou, N. and Wanner, M. and Limam, M. and Korol, D. and Held, L. and Rohrmann, S.},
  journal={Cancer Epidemiology},
  volume={73},
  pages={101962},
  year={2021}
}

@article{rubio:2021,
  title={On models for the estimation of the excess mortality hazard in case of insufficiently stratified life tables},
  author={Rubio, F.J. and Rachet, B. and Giorgi, R. and Maringe, C. and Belot, A.},
  journal={Biostatistics},
  volume={22},
  number={1},
  pages={51--67},
  year={2021},
  publisher={Oxford University Press}
}

@article{woods:2006,
  title={Origins of socio-economic inequalities in cancer survival: a review},
  author={Woods, L.M. and Rachet, B. and Coleman, M.P.},
  journal={Annals of Oncology},
  volume={17},
  number={1},
  pages={5--19},
  year={2006},
  publisher={Elsevier}
}

@misc{nice2020colorectal,
  author       = {{National Institute for Health and Care Excellence}},
  title        = {Colorectal Cancer, NICE Guideline [NG151]},
  year         = 2020,
  url          = {https://www.nice.org.uk/guidance/ng151},
  note         = {Accessed: 2024-10-08}
}

@article{gilbert:2018,
  title={Development and validation of a Hospital Frailty Risk Score focusing on older people in acute care settings using electronic hospital records: an observational study},
  author={Gilbert, T. and Neuburger, J. and Kraindler, J. and Keeble, E. and Smith, P. and Ariti, C. and Arora, S. and Street, A. and Parker, S. and Roberts, H.C.},
  journal={The Lancet},
  volume={391},
  number={10132},
  pages={1775--1782},
  year={2018},
  publisher={Elsevier}
}

@article{benitez:2016,
  title={Deriving stage at diagnosis from multiple population-based sources: colorectal and lung cancer in {E}ngland},
  author={Benitez-Majano, S. and Fowler, H. and Maringe, C. and Di-Girolamo, C. and Rachet, B.},
  journal={British Journal of Cancer},
  volume={115},
  number={3},
  pages={391--400},
  year={2016},
  publisher={Nature Publishing Group}
}

@article{elliss:2012,
  title={Routes to diagnosis for cancer--determining the patient journey using multiple routine data sets},
  author={Elliss-Brookes, L. and McPhail, S. and Ives, A. and Greenslade, M. and Shelton, J. and Hiom, S. and Richards, M.},
  journal={British Journal of Cancer},
  volume={107},
  number={8},
  pages={1220--1226},
  year={2012},
  publisher={Nature Publishing Group}
}

@article{linero2024generalized,
  title={Generalized {B}ayesian additive regression trees models: Beyond conditional conjugacy},
  author={Linero, Antonio R},
  journal={Journal of the American Statistical Association},
  pages={1--14},
  year={2024},
  publisher={Taylor \& Francis}
}


@article{ederer:1961,
  title={The relative survival rate: a statistical methodology},
  author={Ederer, F.},
  journal={National Cancer Institute Monograph},
  volume={6},
  pages={101--121},
  year={1961}
}

@misc{govuk:2024,
  author       = {{NHS National Cancer Registration and Analysis Service}},
  title        = {Cancer Survival Methodology},
  year         = {2023},
  url          = {https://www.gov.uk/government/publications/ncras-statistical-publications-quality-and-methodology-information/cancer-survival-methodology#index-of-cancer-survival},
  note         = {Accessed: 2024-09-24}
}


@article{mariotto:2014,
  title={Cancer survival: an overview of measures, uses, and interpretation},
  author={Mariotto, A.B. and Noone, A.M. and Howlader, N. and Cho, H. and Keel, G.E. and Garshell, J. and Woloshin, S. and Schwartz, L.M.},
  journal={Journal of the National Cancer Institute Monographs},
  volume={2014},
  number={49},
  pages={145--186},
  year={2014},
  publisher={Oxford University Press US}
}

@article{sarfati:2016,
  title={The impact of comorbidity on cancer and its treatment},
  author={Sarfati, D. and Koczwara, B. and Jackson, C.},
  journal={CA: a Cancer Journal for Clinicians},
  volume={66},
  number={4},
  pages={337--350},
  year={2016}
}

@article{rubio:2022,
  title={Bayesian variable selection and survival modeling: assessing the Most important comorbidities that impact lung and colorectal cancer survival in {S}pain},
  author={Rubio, F.J. and Alvares, D. and Redondo-Sanchez, D. and Marcos-Gragera, R. and S{\'a}nchez, M.J. and Luque-Fernandez, M.A.},
  journal={BMC Medical Research Methodology},
  volume={22},
  number={1},
  pages={1--14},
  year={2022}
}

@article{maringe:2017,
  title={Reproducibility, reliability and validity of population-based administrative health data for the assessment of cancer non-related comorbidities},
  author={Maringe, C. and Fowler, H. and Rachet, B. and Luque-Fernandez, M.A.},
  journal={PloS One},
  volume={12},
  number={3},
  pages={e0172814},
  year={2017}
}

@article{aalen:1978,
  title={Nonparametric inference for a family of counting processes},
  author={Aalen, O.},
  journal={The Annals of Statistics},
  volume={6},
  number={4},
  pages={701--726},
  year={1978}
}

@article{lambert:2005,
  title={Additive and multiplicative covariate regression models for relative survival incorporating fractional polynomials for time-dependent effects},
  author={Lambert, P.C. and Smith, L.K. and Jones, D.R. and Botha, J.L.},
  journal={Statistics in Medicine},
  volume={24},
  number={24},
  pages={3871--3885},
  year={2005}
}

@article{giorgi:2003,
  title={A relative survival regression model using {B}-spline functions to model non-proportional hazards},
  author={Giorgi, R. and Abrahamowicz, M. and Quantin, C. and Bolard, P. and Esteve, J. and Gouvernet, J. and Faivre, J.},
  journal={Statistics in Medicine},
  volume={22},
  number={17},
  pages={2767--2784},
  year={2003}
}

@article{quaresma:2020,
  title={Flexible {B}ayesian excess hazard models using low-rank thin plate splines},
  author={Quaresma, M. and Carpenter, J. and Rachet, B.},
  journal={Statistical Methods in Medical Research},
  volume={29},
  number={6},
  pages={1700--1714},
  year={2020}
}

@article{fauvernier:2019,
  title={Multi-dimensional penalized hazard model with continuous covariates: applications for studying trends and social inequalities in cancer survival},
  author={Fauvernier, M. and Roche, L. and Uhry, Z. and Tron, L. and Bossard, N. and Remontet, L. and {Challenges in the Estimation of Net Survival Working Survival Group}},
  journal={Journal of the Royal Statistical Society: Series C (Applied Statistics)},
  year={2019},
  publisher={Wiley Online Library},
	  volume={68},
  number={5},
  pages={1233--1257},
}

@article{belot:2019,
  title={Summarizing and communicating on survival data according to the audience: a tutorial on different measures illustrated with population-based cancer registry data},
  author={Belot, A. and Ndiaye, A. and Luque-Fernandez, M.A. and Kipourou, D.K. and Maringe, C. and Rubio, F.J. and Rachet, B.},
  journal={Clinical Epidemiology},
  volume={11},
  pages={53},
  year={2019}
}

@article{dickman:2004,
  title={Regression models for relative survival},
  author={Dickman, P.W. and Sloggett, A. and Hills, M. and Hakulinen, T.},
  journal={Statistics in Medicine},
  volume={23},
  number={1},
  pages={51--64},
  year={2004}
}

@article{rubio:2019,
  title={On a general structure for hazard-based regression models: an application to population-based cancer research},
  author={Rubio, F.J. and Remontet, L. and Jewell, N.P. and Belot, A.},
  journal={Statistical Methods in Medical Research},
  volume={28},
  pages={2404--2417},
  year={2019}
}

@article{charvat:2021,
  title={mexhaz: an {R} package for fitting flexible hazard-based regression models for overall and excess mortality with a random effect},
  author={Charvat, H. and Belot, A.},
  journal={Journal of Statistical Software},
  volume={98},
  pages={1--36},
  year={2021}
}

@article{quaresma:2024,
  title={An index of cancer survival to measure progress in cancer control: A tutorial},
  author={Quaresma, M. and Rubio, F.J. and Rachet, B.},
  journal={Cancer Epidemiology},
  volume={90},
  pages={102576},
  year={2024},
  publisher={Elsevier}
}

@article{eletti:2022,
  title={A unifying framework for flexible excess hazard modelling with applications in cancer epidemiology},
  author={Eletti, A. and Marra, G. and Quaresma, M. and Radice, R. and Rubio, F.J.},
  journal={Journal of the Royal Statistical Society: Series C (Applied Statistics)},
  year={2022},
    volume={71},
  pages={1044--1062}
}

@article{perme:2012,
  title={On estimation in relative survival},
  author={Pohar-Perme, M. and Stare, J. and Est{\`e}ve, J.},
  journal={Biometrics},
  volume={68},
  number={1},
  pages={113--120},
  year={2012}
}

@incollection{linero2021variable,
  title={Variable Selection for {B}ayesian Decision Tree Ensembles},
  author={Linero, Antonio R and Du, Junliang},
  booktitle={Handbook of Bayesian Variable Selection},
  editor = {Mahlet G. Tadesse and Marina Vannuci},
  pages={415--440},
  year={2021},
  publisher={Chapman and Hall/CRC}
}

@Article{george1993variable,
  author =       {Edward I George and Robert E. McCulloch},
  title =        {Variable Selection via {G}ibbs Sampling},
  journal =      {Journal of the American Statistical Association},
  year =         {1993},
  OPTkey =       {},
  volume =    {88},
  OPTnumber =    {},
  pages =     {881--889},
  OPTmonth =     {},
  OPTnote =      {},
  OPTannote =    {}
}

@article{gnedin2006exchangeable,
  title={Exchangeable {G}ibbs partitions and {S}tirling triangles},
  author={Gnedin, Alexander and Pitman, Jim},
  journal={Journal of Mathematical Sciences},
  volume={138},
  number={3},
  pages={5674--5685},
  year={2006},
  publisher={Springer}
}

@article{buhlmann2006boosting,
  author = {Peter Bühlmann},
  title = {{Boosting for high-dimensional linear models}},
  volume = {34},
  journal = {The Annals of Statistics},
  number = {2},
  publisher = {Institute of Mathematical Statistics},
  pages = {559 -- 583},
  keywords = {Binary classification, gene expression, Lasso, matching pursuit, overcomplete dictionary, Sparsity, Variable selection, weak greedy algorithm},
  year = {2006},
  doi = {10.1214/009053606000000092},
  URL = {https://doi.org/10.1214/009053606000000092}
}

@Article{denison1998mars,
  author =       {Denison, D.G.T and Mallick, B.K. and Smith, A.F.M},
  title =        {{Bayesian MARS}},
  journal =      {Statistics and Computing},
  year =         {1998},
  OPTkey =       {},
  volume =    {8},
  OPTnumber =    {},
  pages =     {337--346},
  OPTmonth =     {},
  OPTnote =      {},
  OPTannote =    {}
}

@article{awaya2021tree,
  title={Tree boosting for learning probability measures},
  author={Awaya, Naoki and Ma, Li},
  journal={arXiv preprint arXiv:2101.11083},
  year={2021}
}

@Manual{islr-package,
  title = {ISLR: Data for an Introduction to Statistical Learning with Applications in R},
  author = {Gareth James and Daniela Witten and Trevor Hastie and Rob Tibshirani},
  year = {2021},
  note = {R package version 1.4},
  url = {https://CRAN.R-project.org/package=ISLR},
}



@article{preacher2015advances,
  title={Advances in mediation analysis: A survey and synthesis of new developments},
  author={Preacher, Kristopher J},
  journal={Annual review of psychology},
  volume={66},
  pages={825--852},
  year={2015},
  publisher={Annual Reviews}
}

@article{barbieri2004optimal,
  title={Optimal predictive model selection},
  author={Barbieri, Maria Maddalena and Berger, James O},
  journal={The Annals of Statistics},
  volume={32},
  number={3},
  pages={870--897},
  year={2004},
  publisher={Institute of Mathematical Statistics}
}

@inproceedings{miller2013simple,
  title={A simple example of {D}irichlet process mixture inconsistency for the number of components},
  author={Miller, Jeffrey W and Harrison, Matthew T},
  booktitle={Advances in Neural Information Processing Systems},
  pages={199--206},
  year={2013}
}

@book{robert2007bayesian,
  title={The Bayesian choice: from decision-theoretic foundations to computational implementation},
  author={Robert, Christian},
  year={2007},
  publisher={Springer Science \& Business Media}
}

@article{dicker2016ridge,
  title={Ridge regression and asymptotic minimax estimation over spheres of growing dimension},
  author={Lee H. Dicker},
  journal={Bernoulli},
  volume={22},
  number={1},
  pages={1--37},
  year={2016}
}

@article{hirano2003efficient,
  title={Efficient Estimation of Average Treatment Effects Using The Estimated Propensity Score},
  author={Keisuke Hirano and Guido W. Imbens and Geert Ridder},
  journal={Econometrica},
  volume={71},
  number={4},
  pages={1161--1189},
  year={2003}
}

@article{rosenbaum1983central,
  title={The central role of the propensity score in observational studies for causal effects},
  author={Rosenbaum, Paul R and Rubin, Donald B},
  journal={Biometrika},
  volume={70},
  number={1},
  pages={41--55},
  year={1983},
  publisher={Oxford University Press}
}

@article{dobriban2018high,
  title={High-dimensional asymptotics of prediction: Ridge regression and classification},
  author={Dobriban, Edgar and Wager, Stefan},
  journal={The Annals of Statistics},
  volume={46},
  number={1},
  pages={247--279},
  year={2018},
  publisher={Institute of Mathematical Statistics}
}

@article{jaynes1982rationale,
  title={On the rationale of maximum-entropy methods},
  author={Jaynes, Edwin T},
  journal={Proceedings of the IEEE},
  volume={70},
  number={9},
  pages={939--952},
  year={1982},
  publisher={IEEE}
}

@article{berger2009formal,
  title={The formal definition of reference priors},
  author={Berger, James O and Bernardo, Jos{\'e} M and Sun, Dongchu},
  journal={The Annals of Statistics},
  volume={37},
  number={2},
  pages={905--938},
  year={2009},
  publisher={Institute of Mathematical Statistics}
}

@article{kass1996selection,
  title={The selection of prior distributions by formal rules},
  author={Kass, Robert E and Wasserman, Larry},
  journal={Journal of the American statistical Association},
  volume={91},
  number={435},
  pages={1343--1370},
  year={1996},
  publisher={Taylor \& Francis}
}

@book{marcus1992survey,
  title={A survey of matrix theory and matrix inequalities},
  author={Marcus, Marvin and Minc, Henryk},
  volume={14},
  year={1992},
  publisher={Courier Corporation}
}

@article{van2010collaborative,
  title={Collaborative double robust targeted maximum likelihood estimation},
  author={van der Laan, Mark J and Gruber, Susan},
  journal={The International Journal of Biostatistics},
  volume={6},
  number={1},
  year={2010},
  publisher={De Gruyter}
}

@article{ren2021bayesian,
  title={Bayesian Modeling for Exposure Response Curve via {G}aussian Processes: Causal Effects of Exposure to Air Pollution on Health Outcomes},
  author={Ren, Boyu and Wu, Xiao and Braun, Danielle and Pillai, Natesh and Dominici, Francesca},
  journal={arXiv preprint arXiv:2105.03454},
  year={2021}
}

@article{zigler2016central,
  title={The central role of Bayes’ theorem for joint estimation of causal effects and propensity scores},
  author={Zigler, Corwin Matthew},
  journal={The American Statistician},
  volume={70},
  number={1},
  pages={47--54},
  year={2016},
  publisher={Taylor \& Francis}
}

@article{albert2015sensitivity,
  title={Sensitivity Analyses for Parametric Causal Mediation Effect Estimation},
  author={Albert, Jeffrey M and Wang, Wei},
  journal={Biostatistics},
  volume={16},
  number={2},
  pages={339--351},
  year={2015},
  publisher={Oxford University Press}
}

@InProceedings{pearl2001direct,
  author =       {J. Pearl},
  title =        {Direct and Indirect Effects},
  OPTcrossref =  {},
  OPTkey =       {},
  booktitle = {Proceedings of the 17th Conference on Uncertainty in Artificial Intelligence},
  year =      {2001},
  editor =    {J. Breese and D. Koller},
  OPTvolume =    {},
  OPTnumber =    {},
  OPTseries =    {},
  pages =     {411--420},
  OPTmonth =     {},
  address =   {San Fancisco, CA},
  OPTorganization = {},
  publisher = {Morgan Kaufmann},
  OPTnote =      {},
  OPTannote =    {}
}

@Book{billingsley1995probability,
  author =    {Patrick Billingsley},
  title =        {Probability and Measure},
  publisher =    {John Wiley \& Sons, Inc.},
  year =         {1995},
  OPTkey =       {},
  OPTvolume =    {},
  OPTnumber =    {},
  OPTseries =    {},
  OPTaddress =   {},
  OPTedition =   {},
  OPTmonth =     {},
  OPTnote =      {},
  OPTannote =    {}
}


@article{robins1992identifiability,
  title={Identifiability and exchangeability for direct and indirect effects},
  author={Robins, James M and Greenland, Sander},
  journal={Epidemiology},
  pages={143--155},
  year={1992},
  publisher={JSTOR}
}

@article{vanderweele2016mediation,
  title={Mediation analysis: a practitioner's guide},
  author={VanderWeele, Tyler J},
  journal={Annual Review of Public Health},
  volume={37},
  pages={17--32},
  year={2016},
  publisher={Annual Reviews}
}

@Article{vinokur1995impact,
  author =       {A. D. Vinokur and R. H. Price and Y. Schul},
  title =        {Impact of the {JOBS} intervention on unemployed workers varying in risk for depression},
  journal =      {American Journal of Community Psychology},
  year =         {1995},
  OPTkey =       {},
  volume =    {23},
  number =    {1},
  pages =     {39--74},
  OPTmonth =     {},
  OPTnote =      {},
  OPTannote =    {}
}

@article{zheng2012targeted,
  title={Targeted maximum likelihood estimation of natural direct effects},
  author={Zheng, Wenjing and van der Laan, Mark J},
  journal={The International Journal of Biostatistics},
  volume={8},
  number={1},
  year={2012},
  publisher={NIH Public Access}
}

@article{tchetgen2012semiparametric,
  title={Semiparametric theory for causal mediation analysis: efficiency bounds, multiple robustness, and sensitivity analysis},
  author={Tchetgen, Eric J Tchetgen and Shpitser, Ilya},
  journal={Annals of statistics},
  volume={40},
  number={3},
  pages={1816},
  year={2012},
  publisher={NIH Public Access}
}

@article{wang2012estimation,
  title={Estimation of mediation effects for zero-inflated regression models},
  author={Wang, Wei and Albert, Jeffrey M},
  journal={Statistics in Medicine},
  volume={31},
  number={26},
  pages={3118--3132},
  year={2012},
  publisher={Wiley Online Library}
}

@article{farbmacher2020causal,
  title={Causal mediation analysis with double machine learning},
  author={Farbmacher, Helmut and Huber, Martin and Laff{\'e}rs, Luk{\'a}{\v{s}} and Langen, Henrika and Spindler, Martin},
  journal={arXiv preprint arXiv:2002.12710},
  year={2020}
}

@article{puccetti2015extremal,
  title={Extremal dependence concepts},
  author={Puccetti, Giovanni and Wang, Ruodu and others},
  journal={Statistical Science},
  volume={30},
  number={4},
  pages={485--517},
  year={2015},
  publisher={Institute of Mathematical Statistics}
}

@article{linero2021bayesian,
author = {Antonio R. Linero and Piyali Basak and Yinpu Li and Debajyoti Sinha},
title = {{Bayesian Survival Tree Ensembles with Submodel Shrinkage}},
journal = {Bayesian Analysis},
publisher = {International Society for Bayesian Analysis},
  volume={17},
  number={3},
  pages={997--1020},
  year={2022},
keywords = {Bayesian additive regression trees, Data augmentation, nonparametric Bayes, proportional hazards, Survival analysis},
doi = {10.1214/21-BA1285},
URL = {https://doi.org/10.1214/21-BA1285}
}

@Article{linero2021simulation,
  author =       {Antonio R. Linero},
  title =        {Simulation Based Estimators of Analytically Intractable Causal Effects},
  journal =      {Biometrics},
  year =         {2021},
  OPTkey =       {},
  OPTvolume =    {},
  OPTnumber =    {},
  OPTpages =     {},
  OPTmonth =     {},
  note =      {To appear},
  OPTannote =    {}
}

@article{zigler2013model,
  title={Model feedback in {B}ayesian propensity score estimation},
  author={Zigler, Corwin M and Watts, Krista and Yeh, Robert W and Wang, Yun and Coull, Brent A and Dominici, Francesca},
  journal={Biometrics},
  volume={69},
  number={1},
  pages={263--273},
  year={2013},
  publisher={Wiley Online Library}
}


@inproceedings{plummer2021statistical,
  title={Statistical Guarantees for Transformation Based Models with Applications to Implicit Variational Inference},
  author={Plummer, Sean and Zhou, Shuang and Bhattacharya, Anirban and Dunson, David and Pati, Debdeep},
  booktitle={International Conference on Artificial Intelligence and Statistics},
  pages={2449--2457},
  year={2021},
  organization={PMLR}
}

@article{jeong2020art,
  title={The art of BART: On flexibility of Bayesian forests},
  author={Jeong, Seonghyun and Rockova, Veronika},
  journal={arXiv preprint arXiv:2008.06620},
  year={2020}
}

@article{barrientos2017fully,
  title={Fully nonparametric regression for bounded data using dependent {B}ernstein polynomials},
  author={Barrientos, Andr{\'e}s F and Jara, Alejandro and Quintana, Fernando A},
  journal={Journal of the American Statistical Association},
  volume={112},
  number={518},
  pages={806--825},
  year={2017},
  publisher={Taylor \& Francis}
}


@Book{adler2015applications,
  author =       {Robert J. Adler and Jonathan E. Taylor and Keith J. Worsley},
  title =        {Applications of Random Fields and Geometry: Foundations and Case Studies},
  year =         {2015},
  OPTkey =       {},
  OPTvolume =    {},
  OPTnumber =    {},
  OPTseries =    {},
  OPTaddress =   {},
  OPTedition =   {},
  OPTmonth =     {},
  note =      {Preprint, retrived from https://web.stanford.edu/class/stats317/hrf.pdf on March 29th, 2021},
  OPTannote =    {}
}

@article{dunson2009bayesian,
  title={Bayesian nonparametric hierarchical modeling},
  author={Dunson, David B},
  journal={Biometrical Journal: Journal of Mathematical Methods in Biosciences},
  volume={51},
  number={2},
  pages={273--284},
  year={2009},
  publisher={Wiley Online Library}
}

@article{muller2013bayesian,
  title={Bayesian nonparametric inference--why and how},
  author={M{\"u}ller, Peter and Mitra, Riten},
  journal={Bayesian Analysis},
  volume={8},
  number={2},
  year={2013},
  publisher={NIH Public Access}
}

@inproceedings{ge2019random,
 author = {Ge, Shufei and Wang, Shijia and Teh, Yee Whye and Wang, Liangliang and Elliott, Lloyd},
 booktitle = {Advances in Neural Information Processing Systems},
 editor = {H. Wallach and H. Larochelle and A. Beygelzimer and F. d\textquotesingle Alch\'{e}-Buc and E. Fox and R. Garnett},
 pages = {},
 publisher = {Curran Associates, Inc.},
 title = {Random Tessellation Forests},
 url = {https://proceedings.neurips.cc/paper/2019/file/043c2ec6c6390dd0ac5519190a57c88c-Paper.pdf},
 volume = {32},
 year = {2019}
}

@article{van2020principled,
  title={A principled distance-based prior for the shape of the {W}eibull model},
  author={Van Niekerk, Janet and Bakka, Haakon and Rue, Haavard},
  journal={arXiv preprint arXiv:2002.06519},
  year={2020}
}

@inproceedings{titsias2010bayesian,
  title={Bayesian {G}aussian process latent variable model},
  author={Titsias, Michalis and Lawrence, Neil D},
  booktitle={Proceedings of the Thirteenth International Conference on Artificial Intelligence and Statistics},
  pages={844--851},
  year={2010},
  organization={JMLR Workshop and Conference Proceedings}
}

@article{zhou2017adaptive,
  title={Adaptive posterior convergence rates in non-linear latent variable models},
  author={Zhou, Shuang and Pati, Debdeep and Bhattacharya, Anirban and Dunson, David},
  journal={arXiv preprint arXiv:1701.07572},
  year={2017}
}

@article{riihimaki2014laplace,
  title={Laplace approximation for logistic {G}aussian process density estimation and regression},
  author={Riihim{\"a}ki, Jaakko and Vehtari, Aki and others},
  journal={Bayesian Analysis},
  volume={9},
  number={2},
  pages={425--448},
  year={2014},
  publisher={International Society for Bayesian Analysis}
}

@article{antoniano2014bayesian,
  title={A {B}ayesian nonparametric regression model with normalized weights: a study of hippocampal atrophy in Alzheimer's disease},
  author={Antoniano-Villalobos, Isadora and Wade, Sara and Walker, Stephen G},
  journal={Journal of the American Statistical Association},
  volume={109},
  number={506},
  pages={477--490},
  year={2014},
  publisher={Taylor \& Francis}
}

@article{muller1996bayesian,
  title={Bayesian curve fitting using multivariate normal mixtures},
  author={M{\"u}ller, Peter and Erkanli, Alaattin and West, Mike},
  journal={Biometrika},
  volume={83},
  number={1},
  pages={67--79},
  year={1996},
  publisher={Oxford University Press}
}

@article{messeri2003antiretroviral,
  title={Antiretroviral therapy and declining AIDS mortality in {N}ew {Y}ork {C}ity},
  author={Messeri, Peter and Lee, Gunjeong and Abramson, David M and Aidala, Angela and Chiasson, Mary Ann and Jessop, Dorothy Jones},
  journal={Medical Care},
  pages={512--521},
  year={2003},
  publisher={JSTOR}
}

@article{chen2014penalized,
  title={A penalized EM algorithm incorporating missing data mechanism for Gaussian parameter estimation},
  author={Chen, Lin S and Prentice, Ross L and Wang, Pei},
  journal={Biometrics},
  volume={70},
  number={2},
  pages={312--322},
  year={2014},
  publisher={Wiley Online Library}
}

@article{eck2020combining,
  title={Combining envelope methodology and aster models for variance reduction in life history analyses},
  author={Eck, Daniel J and Geyer, Charles J and Cook, R Dennis},
  journal={Journal of Statistical Planning and Inference},
  volume={205},
  pages={283--292},
  year={2020},
  publisher={Elsevier}
}

@article{kass1995bayes,
  title={Bayes factors},
  author={Kass, Robert E and Raftery, Adrian E},
  journal={Journal of the American Statistical Association},
  volume={90},
  number={430},
  pages={773--795},
  year={1995},
  publisher={Taylor \& Francis}
}

@Book{cook2018introduction,
  author =    {R. Dennis Cook},
  title =        {An Introduction to Envelope Methods: Dimension Reduction for Efficient Estimation in Multivariate Statistics},
  publisher =    {John Wiley \& Sons},
  year =         {2018},
  OPTkey =       {},
  OPTvolume =    {},
  OPTnumber =    {},
  OPTseries =    {},
  address =   {Hoboken, NJ},
  edition =   {1st},
  OPTmonth =     {},
  OPTnote =      {},
  OPTannote =    {}
}

@article{kim2019bayesian,
  title={Bayesian Longitudinal Causal Inference in the Analysis of the Public Health Impact of Pollutant Emissions},
  author={Kim, Chanmin and Zigler, Corwin M and Daniels, Michael J and Choirat, Christine and Roy, Jason A},
  journal={arXiv preprint arXiv:1901.00908},
  year={2019}
}

@article{daniel2011gformula,
  title={gformula: Estimating causal effects in the presence of time-varying confounding or mediation using the g-computation formula},
  author={Daniel, Rhian M and De Stavola, Bianca L and Cousens, Simon N},
  journal={The Stata Journal},
  volume={11},
  number={4},
  pages={479--517},
  year={2011},
  publisher={SAGE Publications Sage CA: Los Angeles, CA}
}

@Article{linero2020agc,
  author =       {Antonio R. Linero},
  title =        {Simulation-Based Estimators of Analytically Intractable Causal Effects},
  journal =      {Biometrics},
  year =         {2021+},
  OPTkey =       {},
  OPTvolume =    {},
  OPTnumber =    {},
  OPTpages =     {},
  OPTmonth =     {},
  note =      {To appear.},
  OPTannote =    {}
}

@Book{robert2004monte,
  author =    {Robert, Christian and Casella, George},
  title =    {Monte Carlo Statistical Methods},
  publisher =    {Springer Science \& Business Media},
  year =         {2004},
  OPTkey =       {},
  OPTvolume =    {},
  OPTnumber =    {},
  OPTseries =    {},
  address =   {New York},
  OPTmonth =     {},
  OPTnote =      {},
  OPTannote =    {}
}

@article{lee2018renvlp,
  title={Renvlp: Computing Envelope Estimators},
  author={Lee, Minji and Su, Zhihua},
  journal={R package version},
  volume={2},
  pages={649},
  year={2018}
}

@inproceedings{gill1997coarsening,
  title={Coarsening at random: Characterizations, conjectures, counter-examples},
  author={Gill, Richard D and Van Der Laan, Mark J and Robins, James M},
  booktitle={Proceedings of the First Seattle Symposium in Biostatistics},
  pages={255--294},
  year={1997},
  organization={Springer}
}

@article{zhang2018model,
  title={Model-free envelope dimension selection},
  author={Zhang, Xin and Mai, Qing},
  journal={Electronic Journal of Statistics},
  volume={12},
  number={2},
  pages={2193--2216},
  year={2018},
  publisher={The Institute of Mathematical Statistics and the Bernoulli Society}
}

@article{cook1996graphics,
  title={Graphics for regressions with a binary response},
  author={Cook, R Dennis},
  journal={Journal of the American Statistical Association},
  volume={91},
  number={435},
  pages={983--992},
  year={1996},
  publisher={Taylor \& Francis}
}

@article{tanner1987calculation,
  title={The calculation of posterior distributions by data augmentation},
  author={Tanner, Martin A and Wong, Wing Hung},
  journal={Journal of the American statistical Association},
  volume={82},
  number={398},
  pages={528--540},
  year={1987},
  publisher={Taylor \& Francis}
}

@article{li2017parsimonious,
  title={Parsimonious tensor response regression},
  author={Li, Lexin and Zhang, Xin},
  journal={Journal of the American Statistical Association},
  volume={112},
  number={519},
  pages={1131--1146},
  year={2017},
  publisher={Taylor \& Francis}
}

@article{park2017groupwise,
  title={Groupwise envelope models for imaging genetic analysis},
  author={Park, Yeonhee and Su, Zhihua and Zhu, Hongtu},
  journal={Biometrics},
  volume={73},
  number={4},
  pages={1243--1253},
  year={2017},
  publisher={Wiley Online Library}
}

@article{kenward1987method,
  title={A method for comparing profiles of repeated measurements},
  author={Kenward, Michael G},
  journal={Journal of the Royal Statistical Society: Series C (Applied Statistics)},
  volume={36},
  number={3},
  pages={296--308},
  year={1987},
  publisher={Wiley Online Library}
}

@article{chung2009nonparametric,
  title={Nonparametric Bayes conditional distribution modeling with variable selection},
  author={Chung, Yeonseung and Dunson, David B},
  journal={Journal of the American Statistical Association},
  volume={104},
  number={488},
  pages={1646--1660},
  year={2009},
  publisher={Taylor \& Francis}
}

@article{cook2015foundations,
  title={Foundations for envelope models and methods},
  author={Cook, R Dennis and Zhang, Xin},
  journal={Journal of the American Statistical Association},
  volume={110},
  number={510},
  pages={599--611},
  year={2015},
  publisher={Taylor \& Francis}
}

@article{pospisil2018rfcde,
  title={{RFCDE}: {R}andom forests for conditional density estimation},
  author={Pospisil, Taylor and Lee, Ann B},
  journal={arXiv preprint arXiv:1804.05753},
  year={2018}
}

@article{seaman2013review,
  title={Review of inverse probability weighting for dealing with missing data},
  author={Seaman, Shaun R and White, Ian R},
  journal={Statistical Methods in Medical Research},
  volume={22},
  number={3},
  pages={278--295},
  year={2013},
  publisher={Sage Publications Sage UK: London, England}
}

@article{chernozhukov2018double,
  title={Double/de-biased machine learning of global and local parameters using regularized riesz representers},
  author={Chernozhukov, Victor and Newey, Whitney and Robins, James and Singh, Rahul},
  journal={arXiv preprint arXiv:1802.08667},
  year={2018}
}

@Article{caudle2009nonparametric,
  author =       {K. A. Caudle and E. Wegman},
  title =        {Nonparametric density estimation of streaming data using
orthogonal series},
  journal =      {Computational Statistics and Data Analysis},
  year =         {2009},
  OPTkey =       {},
  volume =    {53},
  number =    {12},
  pages =     {3980--3986},
  OPTmonth =     {},
  OPTnote =      {},
  OPTannote =    {}
}

@Article{kawahara2012sequential,
  author =       {Y. Kawahara and M. Sugiyama},
  title =        {Sequential change-point detection based on direct density-
ratio estimation},
  journal =      {Statistical Analysis and Data Mining: The ASA Data Science Journal},
  year =         {2012},
  OPTkey =       {},
  volume =    {5},
  number =    {2},
  pages =     {114--127},
  OPTmonth =     {},
  OPTnote =      {},
  OPTannote =    {}
}

@article{madrid2019sequential,
  title={Sequential nonparametric tests for a change in distribution: an application to detecting radiological anomalies},
  author={Madrid Padilla, Oscar Hernan and Athey, Alex and Reinhart, Alex and Scott, James G},
  journal={Journal of the American Statistical Association},
  volume={114},
  number={526},
  pages={514--528},
  year={2019},
  publisher={Taylor \& Francis}
}

@article{shamp2020computationally,
  title={Computationally efficient {B}ayesian sequential function monitoring},
  author={Shamp, Wright and Varbanov, Roumen and Chicken, Eric and Linero, Antonio and Yang, Yun},
  journal={Journal of Quality Technology},
  pages={1--19},
  year={2020},
  publisher={Taylor \& Francis}
}

@Article{lavine1992some,
  author =       {Michael L. Lavine},
  title =        {Some Aspects of {P}\'olya Tree Distributions for Statistical Modeling},
  journal =      {Annals of Statistics},
  year =         {1992},
  OPTkey =       {},
  volume =    {20},
  number =    {3},
  pages =     {1222--1235},
  OPTmonth =     {},
  OPTnote =      {},
  OPTannote =    {}
}


@Article{lavine1994more,
  author =       {Michael L. Lavine},
  title =        {More Aspects of {P}\'olya Tree Distributions for Statistical Modeling},
  journal =      {Annals of Statistics},
  year =         {1994},
  OPTkey =       {},
  volume =    {22},
  number =    {3},
  pages =     {1161--1176},
  OPTmonth =     {},
  OPTnote =      {},
  OPTannote =    {}
}

@article{ray2020semiparametric,
author = {Kolyan Ray and Aad van der Vaart},
title = {{Semiparametric Bayesian causal inference}},
volume = {48},
journal = {The Annals of Statistics},
number = {5},
publisher = {Institute of Mathematical Statistics},
pages = {2999 -- 3020},
keywords = {Bernstein–Von Mises, Causal inference, Dirichlet process, Gaussian processes, propensity score-dependent priors},
year = {2020},
doi = {10.1214/19-AOS1919},
URL = {https://doi.org/10.1214/19-AOS1919}
}


@inproceedings{rockova2020semi,
  title={On Semi-parametric Inference for {BART}},
  author={Rockova, Veronika},
  booktitle={International Conference on Machine Learning},
  pages={8137--8146},
  year={2020},
  organization={PMLR}
}

@article{girolami2011riemann,
  title={Riemann manifold {L}angevin and {H}amiltonian {M}onte {C}arlo Methods},
  author={Girolami, Mark and Calderhead, Ben},
  journal={Journal of the Royal Statistical Society: Series B (Statistical Methodology)},
  volume={73},
  number={2},
  pages={123--214},
  year={2011},
  publisher={Wiley Online Library}
}

@article{srivastava2000bayesian,
  title={A Bayesian approach to geometric subspace estimation},
  author={Srivastava, Anuj},
  journal={IEEE Transactions on Signal Processing},
  volume={48},
  number={5},
  pages={1390--1400},
  year={2000},
  publisher={IEEE}
}

@article{cook2016algorithms,
  title={Algorithms for envelope estimation},
  author={Cook, R Dennis and Zhang, Xin},
  journal={Journal of Computational and Graphical Statistics},
  volume={25},
  number={1},
  pages={284--300},
  year={2016},
  publisher={Taylor \& Francis}
}

@article{cook2010envelope,
  title={Envelope models for parsimonious and efficient multivariate linear regression},
  author={Cook, R Dennis and Li, Bing and Chiaromonte, Francesca},
  journal={Statistica Sinica},
  pages={927--960},
  year={2010},
  publisher={JSTOR}
}

@article{tokdar2007posterior,
  title={Posterior consistency of logistic {G}aussian process priors in density estimation},
  author={Tokdar, Surya T and Ghosh, Jayanta K},
  journal={Journal of Statistical Planning and Inference},
  volume={137},
  number={1},
  pages={34--42},
  year={2007},
  publisher={Elsevier}
}

@article{almirall2014introduction,
  title={Introduction to {SMART} designs for the development of adaptive interventions: with application to weight loss research},
  author={Almirall, Daniel and Nahum-Shani, Inbal and Sherwood, Nancy E and Murphy, Susan A},
  journal={Translational behavioral medicine},
  volume={4},
  number={3},
  pages={260--274},
  year={2014},
  publisher={Oxford University Press}
}

@article{khare2017bayesian,
  title={A {B}ayesian approach for envelope models},
  author={Khare, Kshitij and Pal, Subhadip and Su, Zhihua},
  journal={The Annals of Statistics},
  volume={45},
  number={1},
  pages={196--222},
  year={2017},
  publisher={Institute of Mathematical Statistics}
}

@book{bickel1993efficient,
  title={Efficient and Adaptive Estimation for Semiparametric Models},
  author={Bickel, Peter J and Klaassen, Chris AJ and Bickel, Peter J and Ritov, Ya’acov and Klaassen, J and Wellner, Jon A and Ritov, YA'Acov},
  volume={4},
  year={1993},
  publisher={Johns Hopkins University Press Baltimore}
}

@article{baron1986moderator,
  title={The moderator--mediator variable distinction in social psychological research: {C}onceptual, strategic, and statistical considerations.},
  author={Baron, Reuben M and Kenny, David A},
  journal={Journal of Personality and Social Psychology},
  volume={51},
  number={6},
  pages={1173},
  year={1986},
  publisher={American Psychological Association}
}

@article{oakesfrailty,
author={Oakes, David},
title={Bivariate Survival Models Induced by Frailties},
  journal={Journal of the American Statistical Association}, 
  volume={84}, 
  number={406}, 
  year={1989}, 
  pages={487–493}
  }

@Book{hougaardbook,
  author =    {Hougaard, Philip},
  title =        {Analysis of Multivariate Survival Data},
  publisher =    {Springer-Verlag New York},
  year =         {2000},
  edition =   {1}
}

@article{dorie2019automated,
  title={Automated versus do-it-yourself methods for causal inference: {L}essons learned from a data analysis competition},
  author={Dorie, Vincent and Hill, Jennifer and Shalit, Uri and Scott, Marc and Cervone, Dan},
  journal={Statistical Science},
  volume={34},
  number={1},
  pages={43--68},
  year={2019},
  publisher={Institute of Mathematical Statistics}
}

@article{wager2018estimation,
  title={Estimation and inference of heterogeneous treatment effects using random forests},
  author={Wager, Stefan and Athey, Susan},
  journal={Journal of the American Statistical Association},
  volume={113},
  number={523},
  pages={1228--1242},
  year={2018},
  publisher={Taylor \& Francis}
}

@article{de2013gibbs,
  title={Are {G}ibbs-type priors the most natural generalization of the {D}irichlet process?},
  author={De Blasi, Pierpaolo and Favaro, Stefano and Lijoi, Antonio and Mena, Rams{\'e}s H and Pr{\"u}nster, Igor and Ruggiero, Matteo},
  journal={IEEE Transactions on Pattern Analysis and Machine Intelligence},
  volume={37},
  number={2},
  pages={212--229},
  year={2013},
  publisher={IEEE}
}

@article{liu2018variable,
  author = {Liu, Yi and Ročková, Veronika and Wang, Yuexi},
  title = {Variable selection with {ABC} {B}ayesian forests},
  journal = {Journal of the Royal Statistical Society: Series B (Statistical Methodology)},
  volume = {83},
  number = {3},
  pages = {453-481},
  year = {2021}
}


@book{fleming2011counting,
  title={Counting processes and Survival Analysis},
  author={Fleming, Thomas R. and Harrington, David P.},
  volume={169},
  year={2011},
  publisher={John Wiley \& Sons}
}

@article{woody2019model,
  title={Model interpretation through lower-dimensional posterior summarization},
  author = {Spencer Woody and Carlos M. Carvalho and Jared S. Murray},
  journal={arXiv preprint arXiv:1905.07103},
  year={2019}
}

@article{henderson2020individualized,
  title={Individualized treatment effects with censored data via fully nonparametric {B}ayesian accelerated failure time models},
  author = {Nicholas C. Henderson and Thomas A. Louis and Gary L. Rosner and Ravi Varadhan},
  journal={Biostatistics},
  volume={21},
  number={1},
  pages={50--68},
  year={2020},
  publisher={Oxford University Press}
}


@Book{ibrahim2001bayesian,
  author =    {Joseph G. Ibrahim and Ming-Hui Chen and Debajyoti Sinha},
  title =        {Bayesian Survival Analysis},
  publisher =    {Springer-Verlag New York},
  year =         {2001},
  edition =   {1}
}

@inproceedings{adams2009tractable,
  title={Tractable nonparametric {B}ayesian inference in {P}oisson processes with {G}aussian process intensities},
  author={Ryan Prescott Adams and Iain Murray and David J.C. MacKay},
  booktitle={Proceedings of the 26th Annual International Conference on Machine Learning},
  pages={9--16},
  year={2009}
}

@article{tibshirani1997lasso,
  title={The lasso method for variable selection in the {C}ox model},
  author={Tibshirani, Robert},
  journal={Statistics in Medicine},
  volume={16},
  number={4},
  pages={385--395},
  year={1997},
  publisher={Wiley Online Library}
}

@article{cox1972regression,
  title={Regression models and life-tables},
  author={David R. Cox},
  journal={Journal of the Royal Statistical Society: Series B},
  volume={34},
  number={2},
  pages={187--202},
  year={1972},
  publisher={Wiley Online Library}
}

@Article{tingley2014mediation,
  title = {{mediation}: {R} Package for Causal Mediation Analysis},
  author = {Dustin Tingley and Teppei Yamamoto and Kentaro Hirose and Luke Keele and Kosuke Imai},
  journal = {Journal of Statistical Software},
  year = {2014},
  volume = {59},
  number = {5},
  pages = {1--38},
  url = {http://www.jstatsoft.org/v59/i05/},
}


@Article{ishwaran2008random,
  author =       {Hemant Ishwaran and Udaya B. Kogalur and Eugene H. Blackson and Michael S. Lauer},
  title =        {Random Survival Forests},
  journal =      {Annals of Applied Statistics},
  year =         {2008},
  OPTkey =       {},
  volume =    {2},
  number =    {3},
  pages={841--860},
  OPTmonth =     {},
  OPTnote =      {},
  OPTannote =    {}
}


@article{zhu2012recursively,
  title={Recursively imputed survival trees},
  author={Zhu, Ruoqing and Kosorok, Michael R},
  journal={Journal of the American Statistical Association},
  volume={107},
  number={497},
  pages={331--340},
  year={2012},
  publisher={Taylor \& Francis Group}
}

@article{basak2020semiparametric,
  author = {Basak, Piyali and Linero, Antonio and Sinha, Debajyoti and Lipsitz, Stuart},
  title = {Semiparametric analysis of clustered interval-censored survival data using soft {B}ayesian additive regression trees ({SBART})},
  journal = {Biometrics},
  doi =   {https://doi.org/10.1111/biom.13478},
  note = {Advance online publication},
  year  = {2021}
}





@Article{li2020adaptive,
  author =       {Yinpu Li and Antonio R. Linero and Jared S. Murray},
  title =        {Adaptive Conditional Distribution Estimation with {B}ayesian Decision Tree Ensembles},
  journal = {Journal of the American Statistical Association},
  year =         {2022},
  OPTkey =       {},
  OPTvolume =    {},
  OPTnumber =    {},
  OPTpages =     {},
  OPTmonth =     {},
  note =      {Advance online publication},
  OPTannote =    {}
}

@article{zigler2013uncertainty,
author = {Corwin Matthew Zigler and Francesca Dominici},
title = {Uncertainty in Propensity Score Estimation: {B}ayesian Methods for Variable Selection and Model-Averaged Causal Effects},
journal = {Journal of the American Statistical Association},
volume = {109},
number = {505},
pages = {95-107},
year  = {2014},
publisher = {Taylor & Francis},
doi = {10.1080/01621459.2013.869498},

URL = { 
        https://doi.org/10.1080/01621459.2013.869498
    
},
eprint = { 
        https://doi.org/10.1080/01621459.2013.869498
    
}

}

@article{zhou2019penalized,
  title={Penalized Spline of Propensity Methods for Treatment Comparison},
  author={Zhou, Tingting and Elliott, Michael R and Little, Roderick},
  journal={Journal of the American Statistical Association},
  volume={114},
  number={525},
  pages={1--19},
  year={2019},
  publisher={Taylor \& Francis}
}

@article{little2004robust,
  title={Robust likelihood-based analysis of multivariate data with missing values},
  author={Little, Roderick and An, Hyonggin},
  journal={Statistica Sinica},
  pages={949--968},
  year={2004},
  publisher={JSTOR}
}

@article{hahn2020bayesian,
  title={Bayesian regression tree models for causal inference: Regularization, confounding, and heterogeneous effects (with discussion)},
  author={Hahn, P Richard and Murray, Jared S and Carvalho, Carlos M},
  journal={Bayesian Analysis},
  volume={15},
  number={3},
  pages={965--1056},
  year={2020},
  publisher={International Society for Bayesian Analysis}
}

@article{hahn2018regularization,
  title={Regularization and confounding in linear regression for treatment effect estimation},
  author={Hahn, P Richard and Carvalho, Carlos M and Puelz, David and He, Jingyu},
  journal={Bayesian Analysis},
  volume={13},
  number={1},
  pages={163--182},
  year={2018},
  publisher={International Society for Bayesian Analysis}
}

@INPROCEEDINGS{Domingos97whydoes,
    author = {Pedro Domingos},
    title = {Why Does Bagging Work? A {B}ayesian Account and its Implications},
    booktitle = {In Proceedings of the Third International Conference on Knowledge Discovery and Data Mining},
    year = {1997},
    pages = {155--158},
    publisher = {AAAI Press}
}

@Misc{brookes2011matrix,
  OPTkey =       {},
  author =    {M Brookes},
  title =     {The Matrix Reference Manual},
  howpublished = {Online},
  OPTmonth =     {},
  year =      {2011},
  note =      {Accessed December 2019 at http://www.ee.imperial.ac.uk/hp/staff/dmb/matrix/intro.html},
  OPTannote =    {}
}

@article{tokdar2010bayesian,
  title={Bayesian density regression with logistic Gaussian process and subspace projection},
  author={Tokdar, Surya T and Zhu, Yu M and Ghosh, Jayanta K and others},
  journal={Bayesian analysis},
  volume={5},
  number={2},
  pages={319--344},
  year={2010},
  publisher={International Society for Bayesian Analysis}
}

@inproceedings{dutordoir2018gaussian,
  title={Gaussian process conditional density estimation},
  author={Dutordoir, Vincent and Salimbeni, Hugh and Hensman, James and Deisenroth, Marc},
  booktitle={Advances in Neural Information Processing Systems},
  pages={2385--2395},

  year={2018}
}

@article{wang2012gaussian,
  title={Gaussian process regression with heteroscedastic or non-gaussian residuals},
  author={Chunyi Wang and Radford M Neal},
  journal={arXiv preprint arXiv:1212.6246},
  year={2012}
}

@article{kundu2014latent,
  title={Latent factor models for density estimation},
  author={Kundu, Suprateek and Dunson, David B},
  journal={Biometrika},
  volume={101},
  number={3},
  pages={641--654},
  year={2014},
  publisher={Oxford University Press}
}

@Article{cohen2013educational,
  author =       {A K Cohen and M Rai and D H Rehkopf and B Abrams},
  title =        {Educational Attainment and Obesity: A Systematic Review},
  journal =      {Obesity Reviews},
  year =         {2013},
  OPTkey =       {},
  volume =    {14},
  OPTnumber =    {},
  pages =     {989--1005},
  OPTmonth =     {},
  OPTnote =      {},
  OPTannote =    {}
}

@incollection{rahimi2008random,
title = {Random Features for Large-Scale Kernel Machines},
author = {Ali Rahimi and Recht, Benjamin},
booktitle = {Advances in Neural Information Processing Systems 20},
editor = {J. C. Platt and D. Koller and Y. Singer and S. T. Roweis},
pages = {1177--1184},
year = {2008},
publisher = {Curran Associates, Inc.},
url = {http://papers.nips.cc/paper/3182-random-features-for-large-scale-kernel-machines.pdf}
}

@article{rao2016data,
  title={Data augmentation for models based on rejection sampling},
  author={Rao, Vinayak and Lin, Lizhen and Dunson, David B},
  journal={Biometrika},
  volume={103},
  number={2},
  pages={319--335},
  year={2016},
  publisher={Oxford University Press}
}

@incollection{murray2009gaussian,
title = {The Gaussian Process Density Sampler},
author = {Murray, Iain and David MacKay and Adams, Ryan P},
booktitle = {Advances in Neural Information Processing Systems 21},
editor = {D. Koller and D. Schuurmans and Y. Bengio and L. Bottou},
pages = {9--16},
year = {2009},
publisher = {Curran Associates, Inc.},
url = {http://papers.nips.cc/paper/3410-the-gaussian-process-density-sampler.pdf}
}


@article{dunson2008kernel,
  title={Kernel stick-breaking processes},
  author={Dunson, David B and Park, Ju-Hyun},
  journal={Biometrika},
  volume={95},
  number={2},
  pages={307--323},
  year={2008},
  publisher={Oxford University Press}
}

@misc{starling2018bart,
    title={{BART} with Targeted Smoothing: An analysis of patient-specific stillbirth risk},
    author={Jennifer E. Starling and Jared S. Murray and Carlos M. Carvalho and Radek K. Bukowski and James G. Scott},
    year={2018},
    eprint={1805.07656},
    archivePrefix={arXiv},
    primaryClass={stat.ME},
    note={arXiv:1805.07656}
}

@article{robins2000marginal,
  title={Marginal Structural Models and Causal Inference in Epidemiology},
  author={Robins, James M and Hern{\'a}n, Miguel Angel and Brumback, Babette},
  journal={Epidemiology},
  volume={11},
  number={5},
  pages={551},
  year={2000}
}

@article{starling2020bart,
  title={{BART} with targeted smoothing: An analysis of patient-specific stillbirth risk},
  author={Starling, Jennifer E and Murray, Jared S and Carvalho, Carlos M and Bukowski, Radek K and Scott, James G},
  journal={Annals of Applied Statistics},
  volume={14},
  number={1},
  pages={28--50},
  year={2020},
  publisher={Institute of Mathematical Statistics}
}

@book{rubin2004multiple,
  title={Multiple imputation for nonresponse in surveys},
  author={Rubin, Donald B},
  volume={81},
  year={2004},
  publisher={John Wiley \& Sons}
}

@article{nielsen2003proper,
  title={Proper and improper multiple imputation},
  author={Nielsen, S{\o}ren Feodor},
  journal={International Statistical Review},
  volume={71},
  number={3},
  pages={593--607},
  year={2003},
  publisher={Wiley Online Library}
}

@article{robins2000inference,
  title={Inference for imputation estimators},
  author={Robins, James M and Wang, Naisyin},
  journal={Biometrika},
  volume={87},
  number={1},
  pages={113--124},
  year={2000},
  publisher={Oxford University Press}
}

@article{wang1998large,
  title={Large-sample theory for parametric multiple imputation procedures},
  author={Wang, Naisyin and Robins, James M},
  journal={Biometrika},
  volume={85},
  number={4},
  pages={935--948},
  year={1998},
  publisher={Oxford University Press}
}


@Book{ghosh2007introduction,
  author =    {Ghosh, Jayanta K and Delampady, Mohan and Samanta, Tapas},
  title =        {An Introduction to {B}ayesian Analysis: Theory and Methods},
  publisher =    {New York, NY: Springer Science \& Business Media},
  year =         {2007}
}

@article{kullback1956application,
  title={An application of information theory to multivariate analysis, II},
  author={Kullback, S},
  journal={The Annals of Mathematical Statistics},
  volume={27},
  number={1},
  pages={122--146},
  year={1956},
  publisher={Institute of Mathematical Statistics}
}

@article{xu2018bayesian,
  title={A {B}ayesian nonparametric approach to causal inference on quantiles},
  author={Xu, Dandan and Daniels, Michael J and Winterstein, Almut G},
  journal={Biometrics},
  volume={74},
  number={3},
  pages={986--996},
  year={2018},
  publisher={Wiley Online Library}
}

@article{friedman2007bagging,
  title={On bagging and nonlinear estimation},
  author={Friedman, Jerome H and Hall, Peter},
  journal={Journal of statistical planning and inference},
  volume={137},
  number={3},
  pages={669--683},
  year={2007},
  publisher={Elsevier}
}

@article{ospina2012general,
  title={A general class of zero-or-one inflated beta regression models},
  author={Ospina, Raydonal and Ferrari, Silvia L P},
  journal={Computational Statistics \& Data Analysis},
  volume={56},
  number={6},
  pages={1609--1623},
  year={2012},
  publisher={Elsevier}
}

@article{ghosh1984note,
  title={A note on bootstrapping the sample median},
  author={Ghosh, Malay and Parr, William C and Singh, Kesar and Babu, G Jogesh},
  journal={The Annals of Statistics},
  volume={12},
  number={3},
  pages={1130--1135},
  year={1984},
  publisher={Institute of Mathematical Statistics}
}

@article{hill2019bayesian,
  title={Bayesian Additive Regression Trees: A Review and Look Forward},
  author={Hill, Jennifer and Linero, Antonio R and Murray, Jared},
  journal={Annual Review of Statistics and Its Application},
  volume={7},
  year={2019},
  pages={251--278},
  publisher={Annual Reviews}
}

@Article{kleijn2012bernstein,
  author =       {Kleijn, Bastiaan Jan Korneel and Van der Vaart, Adrianus Willem},
  title =        {The {B}ernstein-von-{M}ises theorem under misspecification},
  journal =      {Electronic Journal of Statistics},
  year =         {2012},
  volume={6},
  pages={354--381},
  publisher={The Institute of Mathematical Statistics and the Bernoulli Society}
}


@article{antonelli2018bayesian,
  title={A {B}ayesian semiparametric framework for causal inference in high-dimensional data},
  author={Antonelli, Joseph and Papadogeorgou, Georgia and Dominici, Francesca},
  journal={Biometrics},
  year={2020},
  note={To appear}
}

@article{chang2015double,
  title={Double-bootstrap methods that use a single double-bootstrap simulation},
  author={Chang, Jinyuan and Hall, Peter},
  journal={Biometrika},
  volume={102},
  number={1},
  pages={203--214},
  year={2015},
  publisher={Oxford University Press}
}

@article{giacomini2013warp,
  title={A warp-speed method for conducting {M}onte {C}arlo experiments involving bootstrap estimators},
  author={Giacomini, Raffaella and Politis, Dimitris N and White, Halbert},
  journal={Econometric Theory},
  volume={29},
  number={3},
  pages={567--589},
  year={2013},
  publisher={Cambridge University Press}
}

@article{raghunathan2003multiple,
  title={Multiple imputation for statistical disclosure limitation},
  author={Raghunathan, Trivellore E and Reiter, Jerome P and Rubin, Donald B},
  journal={Journal of Official Statistics},
  volume={19},
  number={1},
  pages={1},
  year={2003},
  publisher={Statistics Sweden (SCB)}
}

@article{rubin2004direct,
  title={Direct and indirect causal effects via potential outcomes},
  author={Rubin, Donald B},
  journal={Scandinavian Journal of Statistics},
  volume={31},
  number={2},
  pages={161--170},
  year={2004},
  publisher={Wiley Online Library}
}

@article{keil2018bayesian,
  title={A Bayesian approach to the g-formula},
  author={Keil, Alexander P and Daza, Eric J and Engel, Stephanie M and Buckley, Jessie P and Edwards, Jessie K},
  journal={Statistical methods in medical research},
  volume={27},
  number={10},
  pages={3183--3204},
  year={2018},
  publisher={SAGE Publications Sage UK: London, England}
}

@article{tchetgen2013inverse,
  title={Inverse odds ratio-weighted estimation for causal mediation analysis},
  author={Tchetgen Tchetgen, Eric J},
  journal={Statistics in Medicine},
  volume={32},
  number={26},
  pages={4567--4580},
  year={2013},
  publisher={Wiley Online Library}
}

@article{chen2019nonparametric,
  title={Nonparametric Pattern-Mixture Models for Inference with Missing Data},
  author={Chen, Yen-Chi and Sadinle, Mauricio},
  journal={arXiv preprint arXiv:1904.11085},
  year={2019}
}

@Book{brooks2011handbook,
  editor =    {Brooks, Steve and Gelman, Andrew and Jones, Galin L and Meng, Xiao-Li},
  title =        {Handbook of Markov Chain Monte Carlo},
  publisher =    {Chapman \& Hall/CRC},
  year =         {2011},
  OPTkey =       {},
  OPTvolume =    {},
  OPTnumber =    {},
  OPTseries =    {},
  OPTaddress =   {},
  OPTedition =   {},
  OPTmonth =     {},
  OPTnote =      {},
  OPTannote =    {}
}

@article{imai2010general,
  title={A general approach to causal mediation analysis.},
  author={Imai, Kosuke and Keele, Luke and Tingley, Dustin},
  journal={Psychological Methods},
  volume={15},
  number={4},
  pages={309},
  year={2010},
  publisher={American Psychological Association}
}

@TechReport{fdaE9r1,
  author =       "{The Food and Drug Administration}",
  title =        {{E9(R1)} {S}tatistical Principles for Clinical Trials: Addendum: Estimands and Sensitivity Analysis in Clinical Trials},
  institution =  {},
  year =         {2017},
  OPTkey =       {},
  OPTtype =      {},
  OPTnumber =    {},
  OPTaddress =   {},
  OPTmonth =     {},
  OPTnote =      {},
  OPTannote =    {}
}

@article{rubin2006causal,
  title={Causal inference through potential outcomes and principal stratification: application to studies with “censoring” due to death},
  author={Rubin, Donald B and others},
  journal={Statistical Science},
  volume={21},
  number={3},
  pages={299--309},
  year={2006},
  publisher={Institute of Mathematical Statistics}
}

@Book{pinheiro2000mixed,
  author =    {Pinheiro, J C and Bates, D M},
  title =        {Mixed-Effects Models in S and S-Plus},
  publisher =    {Springer-Verlag, New York},
  year =         {2000},
  OPTkey =       {},
  OPTvolume =    {},
  OPTnumber =    {},
  OPTseries =    {},
  OPTaddress =   {},
  OPTedition =   {},
  OPTmonth =     {},
  OPTnote =      {},
  OPTannote =    {}
}

@Article{wand2017fast,
  author =       {Wand, M P},
  title =        {Fast Approximate Inference for Arbitrarily Large Semiparametric Regression Models via Message Passing},
  journal =      {Journal of the American Statistical Association},
  year =         {2017},
  OPTkey =       {},
  volume =    {112},
  number =    {517},
  pages =     {137-168},
  OPTmonth =     {},
  OPTnote =      {},
  OPTannote =    {}
}

@article{shi2018low,
  title={Low Information Omnibus (LIO) Priors for Dirichlet Process Mixture Models},
  author={Shi, Yushu and Martens, Michael and Banerjee, Anjishnu and Laud, Purushottam and others},
  journal={Bayesian Analysis},
  year={2018},
  publisher={International Society for Bayesian Analysis}
}

@article{su2009varying,
  title={Varying-coefficient models for longitudinal processes with continuous-time informative dropout},
  author={Su, Li and Hogan, Joseph W},
  journal={Biostatistics},
  volume={11},
  number={1},
  pages={93--110},
  year={2009},
  publisher={Oxford University Press}
}

@article{wade2014improving,
  title={Improving prediction from Dirichlet process mixtures via enrichment},
  author={Wade, Sara and Dunson, David B and Petrone, Sonia and Trippa, Lorenzo},
  journal={The Journal of Machine Learning Research},
  volume={15},
  number={1},
  pages={1041--1071},
  year={2014},
  publisher={JMLR. org}
}



@InProceedings{du2019incorporating,
  title = 	 {Incorporating Grouping Information into {B}ayesian Decision Tree Ensembles},
  author =       {Du, Junliang and Linero, Antonio R.},
  booktitle = 	 {Proceedings of the 36th International Conference on Machine Learning},
  pages = 	 {1686--1695},
  year = 	 {2019},
  volume = 	 {97},
  series = 	 {Proceedings of Machine Learning Research},
  month = 	 {09--15 Jun},
  publisher =    {PMLR}
}

@article{guo2019combining,
  title={Combining Sparse Group Lasso and Linear Mixed Model Improves Power to Detect Genetic Variants Underlying Quantitative Traits},
  author={Guo, Yingjie and Wu, Chenxi and Guo, Maozu and Zou, Quan and Liu, Xiaoyan and Keinan, Alon},
  journal={Frontiers in genetics},
  volume={10},
  year={2019},
  publisher={Frontiers Media SA}
}

@article{breheny2009penalized,
  title={Penalized methods for bi-level variable selection},
  author={Breheny, Patrick and Huang, Jian},
  journal={Statistics and its interface},
  volume={2},
  number={3},
  pages={369},
  year={2009}
}

@article{liu2018abc,
  title={ABC variable selection with Bayesian forests},
  author={Liu, Yi and Ro{\v{c}}kov{\'a}, Veronika and Wang, Yuexi},
  journal={arXiv preprint arXiv:1806.02304},
  year={2018}
}

@article{donoho1997cart,
  title={CART and best-ortho-basis: a connection},
  author={Donoho, David L},
  journal={The Annals of Statistics},
  volume={25},
  number={5},
  pages={1870--1911},
  year={1997},
  publisher={Institute of Mathematical Statistics}
}

@article{vehtari2017practical,
  title={Practical Bayesian model evaluation using leave-one-out cross-validation and WAIC},
  author={Vehtari, A. and Gelman, A. and Gabry, J.},
  journal={Statistics and Computing},
  volume={27},
  number={5},
  pages={1413--1432},
  year={2017},
  publisher={Springer}
}

@inproceedings{argyriou2007multi,
  title={Multi-task feature learning},
  author={Argyriou, Andreas and Evgeniou, Theodoros and Pontil, Massimiliano},
  booktitle={Advances in neural information processing systems},
  pages={41--48},
  year={2007}
}

@book{lehmann2006theory,
  title={Theory of point estimation},
  author={Lehmann, Erich L and Casella, George},
  year={2006},
  publisher={Springer Science \& Business Media}
}

@inproceedings{micchelli2005kernels,
  title={Kernels for Multi--task Learning},
  author={Micchelli, Charles A and Pontil, Massimiliano},
  booktitle={Advances in neural information processing systems},
  pages={921--928},
  year={2005}
}

@article{borchani2015survey,
  title={A survey on multi-output regression},
  author={Borchani, Hanen and Varando, Gherardo and Bielza, Concha and Larra{\~n}aga, Pedro},
  journal={Wiley Interdisciplinary Reviews: Data Mining and Knowledge Discovery},
  volume={5},
  number={5},
  pages={216--233},
  year={2015},
  publisher={Wiley Online Library}
}

@inproceedings{kocev2007ensembles,
  title={Ensembles of multi-objective decision trees},
  author={Kocev, Dragi and Vens, Celine and Struyf, Jan and D{\v{z}}eroski, Sa{\v{s}}o},
  booktitle={European conference on machine learning},
  pages={624--631},
  year={2007},
  organization={Springer}
}

@article{de2002multivariate,
  title={Multivariate regression trees: a new technique for modeling species--environment relationships},
  author={De'Ath, Glenn},
  journal={Ecology},
  volume={83},
  number={4},
  pages={1105--1117},
  year={2002},
  publisher={Wiley Online Library}
}

@inproceedings{bonilla2008multi,
  title={Multi-task Gaussian process prediction},
  author={Bonilla, Edwin V and Chai, Kian M and Williams, Christopher},
  booktitle={Advances in neural information processing systems},
  pages={153--160},
  year={2008}
}


@article{chapelle2011boosted,
  title={Boosted multi-task learning},
  author={Chapelle, Olivier and Shivaswamy, Pannagadatta and Vadrevu, Srinivas and Weinberger, Kilian and Zhang, Ya and Tseng, Belle},
  journal={Machine learning},
  volume={85},
  number={1-2},
  pages={149--173},
  year={2011},
  publisher={Springer}
}

@article{aho2012multi,
  title={Multi-target regression with rule ensembles},
  author={Aho, Timo and {\v{Z}}enko, Bernard and D{\v{z}}eroski, Sa{\v{s}}o and Elomaa, Tapio},
  journal={Journal of Machine Learning Research},
  volume={13},
  number={Aug},
  pages={2367--2407},
  year={2012}
}

@article{aitchison1955distribution,
  title={On the distribution of a positive random variable having a discrete probability mass at the origin},
  author={Aitchison, John},
  journal={Journal of the american statistical association},
  volume={50},
  number={271},
  pages={901--908},
  year={1955},
  publisher={Taylor \& Francis}
}

@article{feuerverger1979some,
  title={On some methods of analysis for weather experiments},
  author={Feuerverger, Andrey},
  journal={Biometrika},
  volume={66},
  number={3},
  pages={655--658},
  year={1979},
  publisher={Oxford University Press}
}

@article{tu2006zero,
  title={Zero-inflated data},
  author={Tu, Wanzhu},
  journal={Encyclopedia of environmetrics},
  volume={6},
  year={2006},
  publisher={Wiley Online Library}
}

@article{xiao1999comparison,
  title={Comparison of several independent population means when their samples contain log-normal and possibly zero observations},
  author={Xiao-Hua, Zhou and Tu, Wanzhu},
  journal={Biometrics},
  volume={55},
  number={2},
  pages={645--651},
  year={1999},
  publisher={Wiley Online Library}
}

@article{li2011hierarchical,
  title={A hierarchical zero-inflated log-normal model for skewed responses},
  author={Li, Ning and Elashoff, David A and Robbins, Wendie A and Xun, Lin},
  journal={Statistical Methods in Medical Research},
  volume={20},
  number={3},
  pages={175--189},
  year={2011},
  publisher={SAGE Publications Sage UK: London, England}
}


@article{stacy1962generalization,
    author = "Stacy, E. W.",
    doi = "10.1214/aoms/1177704481",
    journal = "The Annals of Mathematical Statistics",
    month = "09",
    number = "3",
    pages = "1187--1192",
    publisher = "The Institute of Mathematical Statistics",
    title = "A Generalization of the Gamma Distribution",
    url = "https://doi.org/10.1214/aoms/1177704481",
    volume = "33",
    year = "1962"
}

@article{cox1968general,
  title={A general definition of residuals},
  author={Cox, David R and Snell, E Joyce},
  journal={Journal of the Royal Statistical Society. Series B (Methodological)},
  pages={248--275},
  year={1968},
  publisher={JSTOR}
}

@article{bonato2010bayesian,
  title={Bayesian ensemble methods for survival prediction in gene expression data},
  author={Bonato, Vinicius and Baladandayuthapani, Veerabhadran and Broom, Bradley M and Sulman, Erik P and Aldape, Kenneth D and Do, Kim-Anh},
  journal={Bioinformatics},
  volume={27},
  number={3},
  pages={359--367},
  year={2010},
  publisher={Oxford University Press}
}

@article{geng2018probabilistic,
  title={Probabilistic community detection with unknown number of communities},
  author={Geng, Junxian and Bhattacharya, Anirban and Pati, Debdeep},
  journal={Journal of the American Statistical Association},
  pages={1--13},
  year={2018},
  publisher={Taylor \& Francis}
}

@article{hoffman2013stochastic,
  title={Stochastic variational inference},
  author={Hoffman, Matthew D and Blei, David M and Wang, Chong and Paisley, John},
  journal={The Journal of Machine Learning Research},
  volume={14},
  number={1},
  pages={1303--1347},
  year={2013},
  publisher={JMLR. org}
}

@article{blei2017variational,
  title={Variational inference: A review for statisticians},
  author={Blei, David M and Kucukelbir, Alp and McAuliffe, Jon D},
  journal={Journal of the American Statistical Association},
  volume={112},
  number={518},
  pages={859--877},
  year={2017},
  publisher={Taylor \& Francis}
}

@article{griffiths2011indian,
  title={The {I}ndian buffet process: An introduction and review},
  author={Griffiths, Thomas L and Ghahramani, Zoubin},
  journal={Journal of Machine Learning Research},
  volume={12},
  number={Apr},
  pages={1185--1224},
  year={2011}
}

@book{athreya2004branching,
  title={Branching processes},
  author={Athreya, Krishna B and Ney, Peter E},
  year={2004},
  publisher={Courier Corporation}
}

@article{goudarzi2016role,
  title={Role of ribosomal protein mutations in tumor development},
  author={Goudarzi, Kaveh M and Lindstr{\"o}m, Mikael S},
  journal={International journal of oncology},
  volume=48,
  number=4,
  pages={1313--1324},
  year=2016,
  publisher={Spandidos Publications}
}

@article{topolcan2008role,
  title={The role of thymidine kinase in cancer diseases},
  author={Topolcan, Ondrej and Holubec Jr, Lubos},
  journal={Expert opinion on medical diagnostics},
  volume={2},
  number={2},
  pages={129--141},
  year={2008},
  publisher={Taylor \& Francis}
}

@article{cadenas2010role,
  title={Role of thioredoxin reductase 1 and thioredoxin interacting protein in prognosis of breast cancer},
  author={Cadenas, Cristina and Franckenstein, Dennis and Schmidt, Marcus and Gehrmann, Mathias and Hermes, Matthias and Geppert, Bettina and Schormann, Wiebke and Maccoux, Lindsey J and Schug, Markus and Schumann, Anika and others},
  journal={Breast cancer research},
  volume={12},
  number={3},
  pages={R44},
  year={2010},
  publisher={BioMed Central}
}

@article{obozinski2011group,
  title={Group lasso with overlaps: the latent group lasso approach},
  author={Obozinski, Guillaume and Jacob, Laurent and Vert, Jean-Philippe},
  journal={arXiv preprint arXiv:1110.0413},
  year={2011}
}

@InProceedings{du2019interaction,
  title = 	 {Interaction Detection with {B}ayesian Decision Tree Ensembles},
  author =       {Du, Junliang and Linero, Antonio R.},
  booktitle = 	 {Proceedings of the Twenty-Second International Conference on Artificial Intelligence and Statistics},
  pages = 	 {108--117},
  year = 	 {2019},
  volume = 	 {89},
  series = 	 {Proceedings of Machine Learning Research},
  month = 	 {16--18 Apr},
  publisher =    {PMLR}
}


@InProceedings{he2019accelerated,
  author = {{He}, Jingyu and {Yalov}, Saar and {Hahn}, P. Richard},
  title = "{Accelerated Bayesian Additive Regression Trees}",
  booktitle = {22nd Proceedings of the International Conference on Artificial Intelligence in Statistics (AISTATS)},
  year =      {2019}
}

@ARTICLE{he2019,
      journal = {arXiv e-prints, arXiv:1810.02215},
         year = 2018,
        month = Oct
}



@article{Subramanian15545,
abstract = {Although genomewide RNA expression analysis has become a routine tool in biomedical research, extracting biological insight from such information remains a major challenge. Here, we describe a powerful analytical method called Gene Set Enrichment Analysis (GSEA) for interpreting gene expression data. The method derives its power by focusing on gene sets, that is, groups of genes that share common biological function, chromosomal location, or regulation. We demonstrate how GSEA yields insights into several cancer-related data sets, including leukemia and lung cancer. Notably, where single-gene analysis finds little similarity between two independent studies of patient survival in lung cancer, GSEA reveals many biological pathways in common. The GSEA method is embodied in a freely available software package, together with an initial database of 1,325 biologically defined gene sets.},
author = {Subramanian, Aravind and Tamayo, Pablo and Mootha, Vamsi K and Mukherjee, Sayan and Ebert, Benjamin L and Gillette, Michael A and Paulovich, Amanda and Pomeroy, Scott L and Golub, Todd R and Lander, Eric S and Mesirov, Jill P},
journal = {Proceedings of the National Academy of Sciences},
number = {43},
pages = {15545--15550},
publisher = {National Academy of Sciences},
title = {{Gene set enrichment analysis: A knowledge-based approach for interpreting genome-wide expression profiles}},
volume = {102},
year = {2005}
}


@article{chang2018roles,
  title={Roles of aldolase family genes in human cancers and diseases},
  author={Chang, Yu-Chan and Yang, Yi-Chieh and Tien, Chia-Ping and Yang, Chih-Jen and Hsiao, Michael},
  journal={Trends in Endocrinology \& Metabolism},
  year={2018},
  publisher={Elsevier}
}

@article{hennipman1987glycolytic,
  title={Glycolytic enzymes in breast cancer, benign breast disease and normal breast tissue},
  author={Hennipman, A and Smits, J and Van Oirschot, B and Van Houwelingen, JC and Rijksen, G and Neyt, JP and Van Unnik, JAM and Staal, GEJ},
  journal={Tumor Biology},
  volume={8},
  number={5},
  pages={251--263},
  year={1987},
  publisher={Karger Publishers}
}

@article{hennipman1988glycolytic,
  title={Glycolytic enzyme activities in breast cancer metastases},
  author={Hennipman, A and Van Oirschot, BA and Smits, J and Rijksen, G and Staal, GEJ},
  journal={Tumor Biology},
  volume={9},
  number={5},
  pages={241--248},
  year={1988},
  publisher={Karger Publishers}
}

@article{kakiuchi2003genome,
  title={Genome-wide analysis of organ-preferential metastasis of human small cell lung cancer in mice11 “Research for the Future” program grant of the Japan Society for the Promotion of Science (no. 00L01402) to YN},
  author={Kakiuchi, Soji and Daigo, Yataro and Tsunoda, Tatsuhiko and Yano, Seiji and Sone, Saburo and Nakamura, Yusuke},
  journal={Molecular Cancer Research},
  volume={1},
  number={7},
  pages={485--499},
  year={2003},
  publisher={AACR}
}

@article{engel2018first,
  title={First evidence of SGPL1 expression in the cell membrane silencing the extracellular S1P siren in mammary epithelial cells},
  author={Engel, Nadja and Adamus, Anna and Frank, Marcus and Kraft, Karin and K{\"u}hn, Juliane and M{\"u}ller, Petra and Nebe, Barbara and Kasten, Annika and Seitz, Guido},
  journal={PloS one},
  volume={13},
  number={5},
  pages={e0196854},
  year={2018},
  publisher={Public Library of Science}
}

@article{van2002gene,
  title={A gene-expression signature as a predictor of survival in breast cancer},
  author={Van De Vijver, Marc J and He, Yudong D and Van't Veer, Laura J and Dai, Hongyue and Hart, Augustinus AM and Voskuil, Dorien W and Schreiber, George J and Peterse, Johannes L and Roberts, Chris and Marton, Matthew J},
  journal={New England Journal of Medicine},
  volume={347},
  number={25},
  pages={1999--2009},
  year={2002},
  publisher={Mass Medical Soc}
}

@article{jordan1994hierarchical,
  title={Hierarchical mixtures of experts and the EM algorithm},
  author={Jordan, Michael I and Jacobs, Robert A},
  journal={Neural computation},
  volume={6},
  number={2},
  pages={181--214},
  year={1994},
  publisher={MIT Press}
}

@article{li2010variable,
  title={Variable selection and regression analysis for graph-structured covariates with an application to genomics},
  author={Li, Caiyan and Li, Hongzhe},
  journal={The annals of applied statistics},
  volume={4},
  number={3},
  pages={1498},
  year={2010},
  publisher={NIH Public Access}
}

@article{pan2010incorporating,
  title={Incorporating predictor network in penalized regression with application to microarray data},
  author={Pan, Wei and Xie, Benhuai and Shen, Xiaotong},
  journal={Biometrics},
  volume={66},
  number={2},
  pages={474--484},
  year={2010},
  publisher={Wiley Online Library}
}

@article{simon2013sparse,
  title={A sparse-group lasso},
  author={Simon, Noah and Friedman, Jerome and Hastie, Trevor and Tibshirani, Robert},
  journal={Journal of Computational and Graphical Statistics},
  volume={22},
  number={2},
  pages={231--245},
  year={2013},
  publisher={Taylor \& Francis Group}
}

@article{xu2015bayesian,
  title={Bayesian variable selection and estimation for group lasso},
  author={Xu, Xiaofan and Ghosh, Malay},
  journal={Bayesian Analysis},
  volume={10},
  number={4},
  pages={909--936},
  year={2015},
  publisher={International Society for Bayesian Analysis}
}

@article{daniels2012bayesian,
  title={Bayesian model selection for incomplete data using the posterior predictive distribution},
  author={Daniels, Michael J and Chatterjee, Arkendu S and Wang, Chenguang},
  journal={Biometrics},
  volume={68},
  number={4},
  pages={1055--1063},
  year={2012},
  publisher={Wiley Online Library}
}

@article{li2008network,
  title={Network-constrained regularization and variable selection for analysis of genomic data},
  author={Li, Caiyan and Li, Hongzhe},
  journal={Bioinformatics},
  volume={24},
  number={9},
  pages={1175--1182},
  year={2008},
  publisher={Oxford University Press}
}

@ARTICLE{he2018accelerated,
   author = {{He}, J. and {Yalov}, S. and {Hahn}, P.~R.},
    title = "{Accelerated Bayesian Additive Regression Trees}",
  journal = {Proceedings of the 22nd International Conference on Artifical Intelligence in Statistics (AISTATS)},
archivePrefix = "arXiv",
   eprint = {1810.02215},
 primaryClass = "stat.ML",
 keywords = {Statistics - Machine Learning, Computer Science - Machine Learning},
     year = 2018,
    month = oct,
   adsurl = {http://adsabs.harvard.edu/abs/2018arXiv181002215H},
  adsnote = {Provided by the SAO/NASA Astrophysics Data System}
}


@article{starling2018functional,
  title={Functional response regression with funBART: an analysis of patient-specific stillbirth risk},
  author={Starling, Jennifer E and Murray, Jared S and Carvalho, Carlos M and Bukowski, Radek and Scott, James G},
  journal={arXiv preprint arXiv:1805.07656},
  year={2018}
}

@article{kanehisa2000kegg,
  title={{KEGG}: {K}yoto encyclopedia of genes and genomes},
  author={Kanehisa, Minoru and Goto, Susumu},
  journal={Nucleic acids research},
  volume={28},
  number={1},
  pages={27--30},
  year={2000},
  publisher={Oxford University Press}
}

@article{basu2018iterative,
  title={Iterative random forests to discover predictive and stable high-order interactions},
  author={Basu, Sumanta and Kumbier, Karl and Brown, James B and Yu, Bin},
  journal={Proceedings of the National Academy of Sciences},
  pages={201711236},
  year={2018},
  publisher={National Acad Sciences}
}

@inproceedings{jacob2009group,
  title={Group lasso with overlap and graph lasso},
  author={Jacob, Laurent and Obozinski, Guillaume and Vert, Jean-Philippe},
  booktitle={Proceedings of the 26th annual international conference on machine learning},
  pages={433--440},
  year={2009},
  organization={ACM}
}

@article{wang2007group,
  title={Group {SCAD} regression analysis for microarray time course gene expression data},
  author={Wang, Lifeng and Chen, Guang and Li, Hongzhe},
  journal={Bioinformatics},
  volume={23},
  number={12},
  pages={1486--1494},
  year={2007},
  publisher={Oxford University Press}
}

@article{li2010bayesiana,
  title={Bayesian variable selection in structured high-dimensional covariate spaces with applications in genomics},
  author={Li, Fan and Zhang, Nancy R},
  journal={Journal of the American statistical association},
  volume={105},
  number={491},
  pages={1202--1214},
  year={2010},
  publisher={Taylor \& Francis}
}

@article{tibshirani2011,
author = "Tibshirani, Ryan J. and Taylor, Jonathan",
journal = "The Annals of Statistics",
month = "06",
number = "3",
pages = "1335--1371",
publisher = "The Institute of Mathematical Statistics",
title = "The solution path of the generalized lasso",
volume = "39",
year = "2011"
}


@article{candes2010power,
  title={The power of convex relaxation: Near-optimal matrix completion},
  author={Cand{\`e}s, Emmanuel J and Tao, Terence},
  journal={IEEE Transactions on Information Theory},
  volume={56},
  number={5},
  pages={2053--2080},
  year={2010},
  publisher={IEEE}
}

@article{rockova2014,
author = "Rockova, Veronika and Lesaffre, Emmanuel",
journal = "Bayesian Analysis",
month = "03",
number = "1",
pages = "221--258",
publisher = "International Society for Bayesian Analysis",
title = "Incorporating Grouping Information in {B}ayesian Variable Selection with Applications in Genomics",
volume = "9",
year = "2014"
}


@article {Horvath17402,
	author = {Horvath, S. and Zhang, B. and Carlson, M. and Lu, K. V. and Zhu, S. and Felciano, R. M. and Laurance, M. F. and Zhao, W. and Qi, S. and Chen, Z. and Lee, Y. and Scheck, A. C. and Liau, L. M. and Wu, H. and Geschwind, D. H. and Febbo, P. G. and Kornblum, H. I. and Cloughesy, T. F. and Nelson, S. F. and Mischel, P. S.},
	title = {Analysis of oncogenic signaling networks in glioblastoma identifies ASPM as a molecular target},
	volume = {103},
	number = {46},
	pages = {17402--17407},
	year = {2006},
	doi = {10.1073/pnas.0608396103},
	publisher = {National Academy of Sciences},
	issn = {0027-8424},
	URL = {http://www.pnas.org/content/103/46/17402},
	eprint = {http://www.pnas.org/content/103/46/17402.full.pdf},
	journal = {Proceedings of the National Academy of Sciences}
}

@article{nan2014variable,
author = {Ying Nan and Yuhong Yang},
title = {Variable Selection Diagnostics Measures for High-Dimensional Regression},
journal = {Journal of Computational and Graphical Statistics},
volume = {23},
number = {3},
pages = {636-656},
year  = {2014},
publisher = {Taylor & Francis},
doi = {10.1080/10618600.2013.829780}
}

@article{dennis1991hyper,
author = {Dennis, Samuel Y.},
title = {On the hyper-{D}irichlet type 1 and hyper-{L}iouville distributions},
journal = {Communications in Statistics - Theory and Methods},
volume = {20},
number = {12},
pages = {4069-4081},
year  = {1991},
publisher = {Taylor & Francis},
}

@Article{varbanov2018bayesian,
  author =       {Varbanov, Roumen and Chicken, Eric and Linero, Antonio R. and Yang, Yun},
  title =        {A {B}ayesian Approach to Sequential Monitoring of Nonlinear
Profiles Using Wavelets},
  journal =      {Quality and Reliability Engineering International},
  year =         {2018},
  note =         {To appear},
  OPTkey =       {},
  OPTvolume =    {},
  OPTnumber =    {},
  OPTpages =     {},
  OPTmonth =     {},
  OPTnote =      {},
  OPTannote =    {}
}

@ARTICLE{linero2018multi,
   author = {{Linero}, A.~R. and {Bradley}, J.~R. and {Desai}, A.},
    title = "{Multi-rubric Models for Ordinal Spatial Data with Application to Online Ratings}",
  journal = {Annals of Applied Statistics},
     year = 2018,
     note = {To appear}
}


@ARTICLE{wang2018blessings,
   author = {{Wang}, Y. and {Blei}, D.~M.},
    title = "{The Blessings of Multiple Causes}",
  journal = {ArXiv e-prints},
archivePrefix = "arXiv",
   eprint = {1805.06826},
 primaryClass = "stat.ML",
 keywords = {Statistics - Machine Learning, Computer Science - Machine Learning, Statistics - Methodology},
     year = 2018,
    month = may,
   adsurl = {http://adsabs.harvard.edu/abs/2018arXiv180506826W},
  adsnote = {Provided by the SAO/NASA Astrophysics Data System}
}


@ARTICLE{franks2016nonstandard,
   author = {{Franks}, A.~M and {Airoldi}, E.~M and {Rubin}, D.~B},
    title = "{Non-standard conditionally specified models for non-ignorable missing data}",
  journal = {ArXiv e-prints},
archivePrefix = "arXiv",
   eprint = {1603.06045},
 primaryClass = "stat.ME",
 keywords = {Statistics - Methodology},
     year = 2016,
    month = mar,
   adsurl = {http://adsabs.harvard.edu/abs/2016arXiv160306045F},
  adsnote = {Provided by the SAO/NASA Astrophysics Data System}
}


@inproceedings{chen2013scalable,
  title={Scalable inference for logistic-normal topic models},
  author={Chen, Jianfei and Zhu, Jun and Wang, Zi and Zheng, Xun and Zhang, Bo},
  booktitle={Advances in Neural Information Processing Systems},
  pages={2445--2453},
  year={2013}
}

@article{holmes2006bayesian,
  title={Bayesian auxiliary variable models for binary and multinomial regression},
  author={Holmes, Chris C and Held, Leonhard},
  journal={Bayesian analysis},
  volume={1},
  number={1},
  pages={145--168},
  year={2006},
  publisher={International Society for Bayesian Analysis}
}


@article{scott2011data,
  title={Data augmentation, frequentist estimation, and the {B}ayesian analysis of multinomial logit models},
  author={Scott, Steven L},
  journal={Statistical Papers},
  volume={52},
  number={1},
  pages={87--109},
  year={2011},
  publisher={Springer}
}

@article{fruhwirth2009improved,
  title={Improved auxiliary mixture sampling for hierarchical models of non-{G}aussian data},
  author={Fr{\"u}hwirth-Schnatter, Sylvia and Fr{\"u}hwirth, Rudolf and Held, Leonhard and Rue, H{\aa}vard},
  journal={Statistics and Computing},
  volume={19},
  number={4},
  pages={479},
  year={2009},
  publisher={Springer}
}

@inproceedings{fernandez2016gaussian,
  title={Gaussian processes for survival analysis},
  author={Fern{\'a}ndez, Tamara and Rivera, Nicol{\'a}s and Teh, Yee Whye},
  booktitle={Advances in Neural Information Processing Systems},
  pages={5021--5029},
  year={2016}
}

@inproceedings{griffiths2004hierarchical,
  title={Hierarchical topic models and the nested Chinese restaurant process},
  author={Griffiths, Thomas L and Jordan, Michael I and Tenenbaum, Joshua B and Blei, David M},
  booktitle={Advances in neural information processing systems},
  pages={17--24},
  year={2004}
}

@article{kingma2013auto,
  title={Auto-encoding variational bayes},
  author={Kingma, Diederik P and Welling, Max},
  journal={arXiv preprint arXiv:1312.6114},
  year={2013}
}

@article{sinha2003bayesian,
  title={A {B}ayesian justification of {C}ox's partial likelihood},
  author={Debajyoti Sinha and Joseph G. Ibrahim and Ming-Hui Cen},
  journal={Biometrika},
  volume={90},
  number={3},
  pages={629--641},
  year={2003},
  publisher={Oxford University Press}
}

@article{sinha1997semiparametric,
  title={Semiparametric Bayesian analysis of survival data},
  author={Sinha, Debajyoti and Dey, Dipak K},
  journal={Journal of the American Statistical Association},
  volume={92},
  number={439},
  pages={1195--1212},
  year={1997},
  publisher={Taylor \& Francis}
}

@article{kalli2011slice,
  title={Slice sampling mixture models},
  author={Kalli, Maria and Griffin, Jim E and Walker, Stephen G},
  journal={Statistics and computing},
  volume={21},
  number={1},
  pages={93--105},
  year={2011},
  publisher={Springer}
}

@inproceedings{damianou2013deep,
  title={Deep gaussian processes},
  author={Damianou, Andreas and Lawrence, Neil},
  booktitle={Artificial Intelligence and Statistics},
  pages={207--215},
  year={2013}
}

@article{johndrow2018mcmc,
  title={MCMC for imbalanced categorical data},
  author={Johndrow, James E and Smith, Aaron and Pillai, Natesh and Dunson, David B},
  journal={Journal of the American Statistical Association},
  number={just-accepted},
  pages={1--44},
  year={2018},
  publisher={Taylor \& Francis}
}

@article{neal2003density,
  title={Density modeling and clustering using {D}irichlet diffusion trees},
  author={Neal, Radford M},
  journal={Bayesian statistics},
  volume={7},
  pages={619--629},
  year={2003}
}

@article{fruhwirth2007auxiliary,
  title={Auxiliary mixture sampling with applications to logistic models},
  author={Fr{\"u}hwirth-Schnatter, Sylvia and Fr{\"u}hwirth, Rudolf},
  journal={Computational Statistics \& Data Analysis},
  volume={51},
  number={7},
  pages={3509--3528},
  year={2007},
  publisher={Elsevier}
}

@article{radchenko2010variable,
  title={Variable selection using adaptive nonlinear interaction structures in high dimensions},
  author={Radchenko, Peter and James, Gareth M},
  journal={Journal of the American Statistical Association},
  volume={105},
  number={492},
  pages={1541--1553},
  year={2010},
  publisher={Taylor \& Francis}
}

@article{chang2016scalable,
  title={Scalable {B}ayesian variable selection for structured high-dimensional data},
  author={Chang, Changgee and Kundu, Suprateek and Long, Qi},
  journal={Biometrics},
  year={2016},
  note={To appear},
  publisher={Wiley Online Library}
}

@article{harrison1978hedonic,
  title={Hedonic housing prices and the demand for clean air},
  author={Harrison, David and Rubinfeld, Daniel L},
  journal={Journal of environmental economics and management},
  volume={5},
  number={1},
  pages={81--102},
  year={1978},
  publisher={Elsevier}
}
@article{datta2013asymptotic,
  title={Asymptotic properties of Bayes risk for the horseshoe prior},
  author={Datta, Jyotishka and Ghosh, Jayanta K and others},
  journal={Bayesian Analysis},
  volume={8},
  number={1},
  pages={111--132},
  year={2013},
  publisher={International Society for Bayesian Analysis}
}

@article{scheipl2012spike,
  title={Spike-and-slab priors for function selection in structured additive regression models},
  author={Scheipl, Fabian and Fahrmeir, Ludwig and Kneib, Thomas},
  journal={Journal of the American Statistical Association},
  volume={107},
  number={500},
  pages={1518--1532},
  year={2012},
  publisher={Taylor \& Francis}
}

@article{yang2016computational,
  title={On the computational complexity of high-dimensional {B}ayesian variable selection},
  author={Yang, Yun and Wainwright, Martin J and Jordan, Michael I},
  journal={The Annals of Statistics},
  volume={44},
  number={6},
  pages={2497--2532},
  year={2016},
  publisher={Institute of Mathematical Statistics}
}

@article{roy2014efficient,
  title={Efficient estimation of the link function parameter in a robust {B}ayesian binary regression model},
  author={Roy, Vivekananda},
  journal={Computational Statistics \& Data Analysis},
  volume={73},
  pages={87--102},
  year={2014},
  publisher={Elsevier}
}

@article{Pregibon:1981,
  title =	 {Logistic regression diagnostics},
  author =	 {Pregibon, Daryl},
  journal =	 {The Annals of Statistics},
  volume =	 9,
  pages =	 {705--724},
  year =	 {1981}
}

@article{Finney:1947,
  title =	 {The estimation from individual records of the
                  relationship between dose and quantal response},
  author =	 {Finney, DJ},
  journal =	 {Biometrika},
  volume =	 34,
  pages =	 {320--334},
  year =	 {1947}
}

@book{GelmanHill:2007,
  title =	 {Data Analysis Using Regression and
                  Multilevel/Hierarchical Models},
  author =	 {Gelman, Andrew and Hill, Jennifer},
  year =	 {2007},
  publisher =	 {Cambridge University Press}
}

@article{MudholkarGeorge:1978,
  title =	 {A remark on the shape of the logistic
                  distribution},
  author =	 {Mudholkar, Govind S and George, E Olusegun},
  journal =	 {Biometrika},
  volume =	 65,
  pages =	 {667--668},
  year =	 {1978}
}

@article{AlbertChib:1993,
  author =	 {J. H. Albert and S. Chib},
  title =	 {Bayesian analysis of binary and polychotomous
                  response data},
  journal =	 jasa,
  year =	 1993,
  volume =	 88,
  pages =	 {669--679}
}

@article{dorie2017automated,
  title={Automated versus do-it-yourself methods for causal inference: Lessons learned from a data analysis competition},
  author={Dorie, Vincent and Hill, Jennifer and Shalit, Uri and Scott, Marc and Cervone, Dan},
  journal={arXiv preprint arXiv:1707.02641},
  year={2017}
}

@article{linero2018shared,
  title={Semiparametric mixed-scale models using shared {B}ayesian forests},
  author={Linero, Antonio R and Sinha, Debajyoti and Lipsitz, Stuart R},
  journal={Biometrics},
  volume={76},
  number={1},
  pages={131--144},
  year={2020},
  publisher={Wiley Online Library}
}


@ARTICLE{miller2018fast,
   author = {{Miller}, J.~W.},
    title = "{Fast and accurate approximation of the full conditional for gamma shape parameters}",
  journal = {ArXiv e-prints},
archivePrefix = "arXiv",
   eprint = {1802.01610},
 primaryClass = "stat.CO",
 keywords = {Statistics - Computation, Statistics - Machine Learning},
     year = 2018,
    month = feb,
   adsurl = {http://adsabs.harvard.edu/abs/2018arXiv180201610M},
  adsnote = {Provided by the SAO/NASA Astrophysics Data System}
}

@ARTICLE{LinDan2018,
    AUTHOR = {Antonio R. Linero and Michael J. Daniels},
     TITLE = {Bayesian Approaches for Missing Not at Random Outcome Data: The Role of Identifying Restrictions},
  JOURNAL = {Statistical Science},
      YEAR = {2018},
    VOLUME = {33},
    NUMBER = {2},
     PAGES = {198-213},
      ISSN = {0883-4237},
       DOI = {10.1214/17-STS630},
      SICI = {0883-4237(2018)33:2<198:BAFMNA>2.0.CO;2-2},
}

@article{lam2009sparsistency,
  title={Sparsistency and rates of convergence in large covariance matrix estimation},
  author={Lam, Clifford and Fan, Jianqing},
  journal={Annals of statistics},
  volume={37},
  number={6B},
  pages={4254},
  year={2009},
  publisher={NIH Public Access}
}
@article{liu2017efficient,
  title={Efficient simulation from a gamma distribution with small shape parameter},
  author={Liu, C and Martin, R and Syring, N},
  journal={Computational Statistics},
  volume={32},
  number={4},
  pages={1767--1775},
  year={2017}
}
@article{hoffman2014no,
  title={The No-U-turn sampler: adaptively setting path lengths in {H}amiltonian {M}onte {C}arlo.},
  author={Hoffman, Matthew D and Gelman, Andrew},
  journal={Journal of Machine Learning Research},
  volume={15},
  number={1},
  pages={1593--1623},
  year={2014}
}

@incollection{neal2011mcmc,
  author={Neal, Radford M},
  title={{MCMC} using {H}amiltonian dynamics},
  booktitle={Handbook of Markov Chain Monte Carlo},
  editor={Brooks, Steve and Gelman, Andrew and Jones, Galin and Meng, Xiao-Li},
  publisher={CRC Press},
  address={New York, NY},
  year={2011},
  pages={113-162},
  chapter={5}
}
@article{stacy1962generalization,
  title={A generalization of the gamma distribution},
  author={Stacy, Eo W},
  journal={The Annals of mathematical statistics},
  pages={1187--1192},
  year={1962},
  publisher={JSTOR}
}
@article{cox1968general,
  title={A general definition of residuals},
  author={Cox, David R and Snell, E Joyce},
  journal={Journal of the Royal Statistical Society. Series B (Methodological)},
  pages={248--275},
  year={1968},
  publisher={JSTOR}
}
@article{linero2017review,
  title={A review of tree-based {B}ayesian methods},
  author={Linero, Antonio R},
  journal={Communications for Statistical Applications and Methods},
  volume={24},
  number={6},
  pages={543--559},
  year={2017},
  publisher={Korean Statistical Society}
}
@article{blough2000using,
  title={Using generalized linear models to assess medical care costs},
  author={Blough, David K and Ramsey, Scott D},
  journal={Health Services and Outcomes Research Methodology},
  volume={1},
  number={2},
  pages={185--202},
  year={2000},
  publisher={Springer}
}
@article{natarajan2008variance,
  title={Variance estimation in complex survey sampling for generalized linear models},
  author={Natarajan, Sundar and Lipsitz, Stuart R and Fitzmaurice, Garrett and Moore, Charity G and Gonin, Rene},
  journal={Journal of the Royal Statistical Society: Series C (Applied Statistics)},
  volume={57},
  number={1},
  pages={75--87},
  year={2008},
  publisher={Wiley Online Library}
}
@article{pratola2017heteroscedastic,
  title={Heteroscedastic {BART} via Multiplicative Regression Trees},
  author={Pratola, Matthew and Chipman, Hugh and George, Edward and McCulloch, Robert},
  journal={Journal of Computational and Graphical Statistics},
  volume =  {29},
  number = {2},
  pages = {405--417},
  year={2020}
}
@article{creemers2011generalized,
  title={Generalized shared-parameter models and missingness at random},
  author={Creemers, An and Hens, Niel and Aerts, Marc and Molenberghs, Geert and Verbeke, Geert and Kenward, Michael G},
  journal={Statistical modelling},
  volume={11},
  number={4},
  pages={279--310},
  year={2011},
  publisher={Sage Publications Sage India: New Delhi, India}
}

@incollection{shpitser2016consistent,
title = {Consistent Estimation of Functions of Data Missing Non-Monotonically and Not at Random},
author = {Shpitser, Ilya},
booktitle = {Advances in Neural Information Processing Systems 29},
editor = {D. D. Lee and M. Sugiyama and U. V. Luxburg and I. Guyon and R. Garnett},
pages = {3144--3152},
year = {2016},
publisher = {Curran Associates, Inc.},
url = {http://papers.nips.cc/paper/6297-consistent-estimation-of-functions-of-data-missing-non-monotonically-and-not-at-random.pdf}
}
@ARTICLE{2017nalenztree,
   author = {{Nalenz}, M. and {Villani}, M.},
    title = "{Tree Ensembles with Rule Structured Horseshoe Regularization}",
  journal = {ArXiv e-prints},
archivePrefix = "arXiv",
   eprint = {1702.05008},
 primaryClass = "stat.ME",
 keywords = {Statistics - Methodology, Statistics - Machine Learning},
     year = 2017,
    month = feb,
   adsurl = {http://adsabs.harvard.edu/abs/2017arXiv170205008N},
  adsnote = {Provided by the SAO/NASA Astrophysics Data System}
}

@misc{daniels2017note,
  title={A note on ``congeniality'' for missing data in the presence of auxiliary covariates}, 
  author = {Daniels, M J  and Luo, X.},
  journal = {},
  volume={},
  number = {},
  pages={},
  year={2017},
  note={Technical report}
}

@article{meng1994multiple,
  title={Multiple-imputation inferences with uncongenial sources of input},
  author={Meng, Xiao-Li},
  journal={Statistical Science},
  pages={538--558},
  year={1994},
  publisher={JSTOR}
}
@article{tchetgen2016discrete,
  title={Discrete choice models for nonmonotone nonignorable missing data: Identification and inference},
  author={Tchetgen, Eric J Tchetgen and Wang, Linbo and Sun, BaoLuo},
  journal={arXiv preprint arXiv:1607.02631},
  year={2016}
}

@article{sadinle2017sequential,
  title={SEQUENTIAL IDENTIFICATION OF NONIGNORABLE MISSING DATA MECHANISMS},
  author={Sadinle, Mauricio and Reiter, Jerome R},
  journal={Statistica Sinica},
  year={2017},
  note={To appear}
}
@article{liublinska2014sensitivity,
  title={Sensitivity analysis for a partially missing binary outcome in a two-arm randomized clinical trial},
  author={Liublinska, Victoria and Rubin, Donald B},
  journal={Statistics in medicine},
  volume={33},
  number={24},
  pages={4170--4185},
  year={2014},
  publisher={Wiley Online Library}
}
@article{scharfstein2017global,
  title={Global Sensitivity Analysis for Repeated Measres Studies with Informative Dropout: A Semiparametric Approach},
  author={Scharfstein, Daniel and Mcdermott, Aidan and Diaz, Ivan and Carone, Marco and Lunardon, Nicola and Turkoz, Ibrahim},
  journal={Biometrics},
  year={2017},
  note={To appear}
}
@article{bunouf2015sas,
  title={A {SAS} Program Combining {R} Functionalities to Implement Pattern-Mixture Models},
  author={Bunouf, Pierre and Molenberghs, Geert and Grouin, Jean-Marie and Thijs, Herbert},
  journal={Journal of Statistical Software},
  volume={68},
  number={8},
  year={2015}
}
@misc{van2012flexible,
  title={Flexible imputation of missing data},
  author={Van Buuren, Stef},
  year={2012},
  publisher={CRC press}
}
@article{leacy2017analyses,
  title={Analyses of Sensitivity to the Missing-at-Random Assumption Using Multiple Imputation With Delta Adjustment: Application to a Tuberculosis/HIV Prevalence Survey With Incomplete HIV-Status Data},
  author={Leacy, Finbarr P and Floyd, Sian and Yates, Tom A and White, Ian R},
  journal={American journal of epidemiology},
  volume={185},
  number={4},
  pages={304--315},
  year={2017},
  publisher={Oxford University Press}
}
@book{ghosal2017fundamentals,
  title={Fundamentals of Nonparametric {B}ayesian Inference},
  author={Ghosal, Subhashis and van der Vaart, Aad},
  volume={44},
  year={2017},
  publisher={Cambridge University Press}
}
@article{sparks2015necessary,
  title={Necessary and sufficient conditions for high-dimensional posterior consistency under $ g $-priors},
  author={Sparks, Douglas K and Khare, Kshitij and Ghosh, Malay and others},
  journal={Bayesian Analysis},
  volume={10},
  number={3},
  pages={627--664},
  year={2015},
  publisher={International Society for Bayesian Analysis}
}
@article{liang2008mixtures,
  title={Mixtures of g priors for Bayesian variable selection},
  author={Liang, Feng and Paulo, Rui and Molina, German and Clyde, Merlise A and Berger, Jim O},
  journal={Journal of the American Statistical Association},
  volume={103},
  number={481},
  pages={410--423},
  year={2008},
  publisher={Taylor \& Francis}
}
@article{dahl2006model,
  title={Model-based clustering for expression data via a {D}irichlet process mixture model},
  author={Dahl, David B},
  journal={Bayesian inference for gene expression and proteomics},
  pages={201--218},
  year={2006},
  publisher={Cambridge: Cambridge University Press}
}
@article{candes2007dantzig,
  title={The {D}antzig selector: Statistical estimation when $p$ is much larger than $n$},
  author={Candes, Emmanuel and Tao, Terence},
  journal={The Annals of Statistics},
  pages={2313--2351},
  volume={35},
  number={6},
  year={2007},
  publisher={JSTOR}
}
@article{deshpande2017simultaneous,
  title={Simultaneous Variable and Covariance Selection with the Multivariate Spike-and-Slab Lasso},
  author={Deshpande, Sameer K and Rockova, Veronika and George, Edward I},
  journal={arXiv preprint arXiv:1708.08911},
  year={2017}
}
@article{carvalho2010horseshoe,
  title={The horseshoe estimator for sparse signals},
  author={Carvalho, Carlos M and Polson, Nicholas G and Scott, James G},
  journal={Biometrika},
  volume={97},
  number={2},
  pages={465--480},
  year={2010},
  publisher={Oxford University Press}
}
@article{wang2012bayesian,
  title={Bayesian graphical lasso models and efficient posterior computation},
  author={Wang, Hao},
  journal={Bayesian Analysis},
  volume={7},
  number={4},
  pages={867--886},
  year={2012},
  publisher={International Society for Bayesian Analysis}
}
@article{xu2016sequential,
  title={Sequential {BART} for imputation of missing covariates},
  author={Xu, Dandan and Daniels, Michael J and Winterstein, Almut G},
  journal={Biostatistics},
  volume={17},
  number={3},
  pages={589--602},
  year={2016},
  publisher={Oxford University Press}
}
@Article{si2013nonparametric,
  author =       {Si, Y and Reiter, J P},
  title =        {Nonparametric {B}ayesian Multiple Imputation for Incomplete Categorical Variables in Large-scale Assessment Surveys},
  journal =      {Journal of Educational and Behavorial Statistics},
  year =         {2013},
  volume =    {38},
  number =    {5},
  pages =     {499--521},
}

@Article{kahle2013ggmap,
  author = {David Kahle and Hadley Wickham},
  title = {ggmap: Spatial Visualization with ggplot2},
  journal = {The R Journal},
  year = {2013},
  volume = {5},
  number = {1},
  pages = {144--161},
  url =
    {http://journal.r-project.org/archive/2013-1/kahle-wickham.pdf},
}
@article{hastie1987generalized,
  title={Generalized additive models: some applications},
  author={Hastie, Trevor and Tibshirani, Robert},
  journal={Journal of the American Statistical Association},
  volume={82},
  number={398},
  pages={371--386},
  year={1987},
  publisher={Taylor \& Francis}
}
@article{mccullagh1984generalized,
  title={Generalized linear models},
  author={McCullagh, Peter},
  journal={European Journal of Operational Research},
  volume={16},
  number={3},
  pages={285--292},
  year={1984},
  publisher={Elsevier}
}
@article{muliere1997bayesian,
  title={A {B}ayesian Non-parametric Approach to Survival Analysis Using {P}\'olya Trees},
  author={Muliere, Pietro and Walker, Stephen},
  journal={Scandinavian Journal of Statistics},
  volume={24},
  number={3},
  pages={331--340},
  year={1997},
  publisher={Wiley Online Library}
}
@article{efron1983leisurely,
  title={A leisurely look at the bootstrap, the jackknife, and cross-validation},
  author={Efron, Bradley and Gong, Gail},
  journal={The American Statistician},
  volume={37},
  number={1},
  pages={36--48},
  year={1983},
  publisher={Taylor \& Francis}
}
@mastersthesis{nielsen2016tree,
  title={Tree Boosting With {XGBoost}-Why Does {XGBoost} Win" Every" Machine Learning Competition?},
  author={Nielsen, Didrik},
  year={2016},
  school={NTNU}
}
@article{hahn2017bayesian,
  title={Bayesian regression tree models for causal inference: regularization, confounding, and heterogeneous effects},
  author={Hahn, P Richard and Murray, Jared S and Carvalho, Carlos},
  journal={arXiv preprint arXiv:1706.09523},
  year={2017}
}

@article{murray2020log,
  title={Log-linear {B}ayesian additive regression trees for multinomial Logistic and count regression models},
  author={Murray, Jared S},
  journal={Journal of the American Statistical Association},
  volume={116},
  number={534},
  pages={756--769},
  year={2021},
  publisher={Taylor \& Francis}
}

@misc{Lichman:2013 ,
author = "M. Lichman",
year = "2013",
title = "{UCI} Machine Learning Repository",
url = "http://archive.ics.uci.edu/ml",
institution = "University of California, Irvine, School of Information and Computer Sciences" }
@Manual{wand2014semipar,
  title = {SemiPar: Semiparametic Regression},
  author = {Matt Wand},
  year = {2014},
  note = {R package version 1.0-4.1},
  url = {https://CRAN.R-project.org/package=SemiPar},
}
@article{gramacy2008bayesian,
  title={Bayesian treed {G}aussian process models with an application to computer modeling},
  author={Gramacy, Robert B and Lee, Herbert K H},
  journal={Journal of the American Statistical Association},
  volume={103},
  number={483},
  pages={1119--1130},
  year={2008},
  publisher={Taylor \& Francis}
}
@article{cappe2007overview,
  title={An overview of existing methods and recent advances in sequential {M}onte {C}arlo},
  author={Capp{\'e}, Olivier and Godsill, Simon J and Moulines, Eric},
  journal={Proceedings of the IEEE},
  volume={95},
  number={5},
  pages={899--924},
  year={2007},
  publisher={IEEE}
}
@inproceedings{gordon1993novel,
  title={Novel approach to nonlinear/non-Gaussian Bayesian state estimation},
  author={Gordon, Neil J and Salmond, David J and Smith, Adrian FM},
  booktitle={IEE Proceedings F (Radar and Signal Processing)},
  volume={140},
  number={2},
  pages={107--113},
  year={1993},
  organization={IET}
}
@article{andrieu2010particle,
  title={Particle markov chain monte carlo methods},
  author={Andrieu, Christophe and Doucet, Arnaud and Holenstein, Roman},
  journal={Journal of the Royal Statistical Society: Series B (Statistical Methodology)},
  volume={72},
  number={3},
  pages={269--342},
  year={2010},
  publisher={Blackwell Publishing Ltd}
}
@inproceedings{houlsby2014cold,
  title={Cold-start active learning with robust ordinal matrix factorization},
  author={Houlsby, Neil and Hern{\'a}ndez-Lobato, Jos{\'e} Miguel and Ghahramani, Zoubin},
  booktitle={International Conference on Machine Learning},
  pages={766--774},
  year={2014}
}
@article{paquet2012hierarchical,
  title={A hierarchical model for ordinal matrix factorization},
  author={Paquet, Ulrich and Thomson, Blaise and Winther, Ole},
  journal={Statistics and Computing},
  volume={22},
  number={4},
  pages={945--957},
  year={2012},
  publisher={Springer}
}
@inproceedings{lakshminarayanan2013top,
  title={Top-down particle filtering for {B}ayesian decision trees},
  author={Lakshminarayanan, Balaji and Roy, Daniel M and Teh, Yee Whye},
  booktitle={Proceedings of the International Conference on Machine Learning},
  year={2013}
}
@book{neal2012bayesian,
  title={Bayesian learning for neural networks},
  author={Neal, Radford M},
  volume={118},
  year={2012},
  publisher={Springer Science \& Business Media}
}
@inproceedings{roy2009mondrian,
  title={The {M}ondrian process},
  author={Roy, Daniel M and Teh, Yee W},
  booktitle={Advances in Neural Information Processing Systems 21},
  year={2009}
}

@article{rockova2017posterior,
   author = {{Rockova}, V. and {van der Pas}, S.},
    title = {Posterior Concentration for {B}ayesian Regression Trees and Forests},
  journal = {The Annals of Statistics},
     volume = {48},
     number  = {4},
     pages =  {2108--2131},
     year = {2020}
}

@article{linero2017abayesian,
author = {Linero, Antonio R. and Yang, Yun},
title = {Bayesian regression tree ensembles that adapt to smoothness and sparsity},
journal = {Journal of the Royal Statistical Society: Series B (Statistical Methodology)},
year = {2018},
volume={80},
number={5},
note = {},
pages = {1087-1110}
}
@article{ma2017recursive,
  title={Recursive partitioning and multi-scale modeling on conditional densities},
  author={Ma, Li},
  journal={Electronic Journal of Statistics},
  volume={11},
  number={1},
  pages={1297--1325},
  year={2017},
  publisher={The Institute of Mathematical Statistics and the Bernoulli Society}
}
@inproceedings{balog2016mondrian,
  title={The {M}ondrian kernel},
  author={Balog, Matej and Lakshminarayanan, Balaji and Ghahramani, Zoubin and Roy, Daniel M and Teh, Yee Whye},
  booktitle={Proceedings of the 32nd UAI conference},
  year={2016}
}
@article{hastings1970monte,
  title={Monte {C}arlo sampling methods using {M}arkov chains and their applications},
  author={Hastings, W Keith},
  journal={Biometrika},
  volume={57},
  number={1},
  pages={97--109},
  year={1970},
  publisher={Biometrika Trust}
}
@article{chipman2013bayesian,
  title={Bayesian treed response surface models},
  author={Chipman, Hugh and George, Edward I and Gramacy, Robert B and McCulloch, Robert},
  journal={Wiley Interdisciplinary Reviews: Data Mining and Knowledge Discovery},
  volume={3},
  number={4},
  pages={298--305},
  year={2013},
  publisher={Wiley Online Library}
}
@article{wu2007bayesian,
  title={Bayesian {CART}: Prior specification and posterior simulation},
  author={Wu, Yuhong and Tjelmeland, H{\aa}kon and West, Mike},
  journal={Journal of Computational and Graphical Statistics},
  volume={16},
  number={1},
  pages={44--66},
  year={2007},
  publisher={Taylor \& Francis}
}
@article{murray2016multiple,
  title={Multiple imputation of missing categorical and continuous values via Bayesian mixture models with local dependence},
  author={Murray, Jared S and Reiter, Jerome P},
  journal={Journal of the American Statistical Association},
  volume = {111},
  number = {516},
  pages = {1466-1479},
  year={2016},
  publisher={Taylor \& Francis}
}

@article{sadinle2017itemwise,
  title={Itemwise conditionally independent nonresponse modeling for incomplete multivariate data},
  author={Sadinle, Mauricio and Reiter, Jerome P},
  journal={Biometrika},
  volume={104},
  number={1},
  pages={207--220},
  year={2017}
}



@book{gyorfi2006distribution,
  title={A distribution-free theory of nonparametric regression},
  author={Gy{\"o}rfi, L{\'a}szl{\'o} and Kohler, Michael and Krzyzak, Adam and Walk, Harro},
  year={2006},
  publisher={Springer Science \& Business Media}
}
@article{vehtari2015practical,
  title={Practical Bayesian model evaluation using leave-one-out cross-validation and WAIC},
  author={Vehtari, A. and Gelman, A. and Gabry, J.},
  journal={arXiv preprint arXiv:1507.04544},
  year=2015
}

@article{green1995reversible,
  title={Reversible jump {M}arkov chain {M}onte {C}arlo computation and {B}ayesian model determination},
  author={Green, Peter J},
  journal={Biometrika},
  volume={82},
  number={4},
  pages={711--732},
  year={1995},
  publisher={Oxford University Press}
}
@article{watanabe2013widely,
  title={A widely applicable Bayesian information criterion},
  author={Watanabe, Sumio},
  journal={Journal of Machine Learning Research},
  volume=14,
  pages={867--897},
  year=2013
}

@article{ghosal2001entropies,
  title={Entropies and rates of convergence for maximum likelihood and Bayes estimation for mixtures of normal densities},
  author={Ghosal, Subhashis and Van Der Vaart, Aad W},
  journal={Annals of Statistics},
  pages={1233--1263},
  year={2001},
}

@article{de2010adaptive,
  title={Adaptive nonparametric Bayesian inference using location-scale mixture priors},
  author={De Jonge, R and Van Zanten, JH},
  journal={The Annals of Statistics},
  volume={38},
  number={6},
  pages={3300--3320},
  year={2010},
}
@article{kapelner2014bartmachine,
  title={{bartMachine}: Machine Learning with {B}ayesian Additive Regression Trees},
  author={Kapelner, Adam and Bleich, Justin},
  journal={Journal of Statistical Software},
   volume = {70},
   number = {4},
   pages = {1--40},
   year = {2016}
}
@article{linero2017bayesian,
  title={Bayesian nonparametric analysis of longitudinal studies in the presence of informative missingness},
  author={Linero, Antonio R},
  journal={Biometrika},
  volume={104},
  number={2},
  pages={327--341},
  year={2017},
  publisher={Oxford University Press}
}
@article{breiman1996bagging,
  title={Bagging predictors},
  author={Breiman, Leo},
  journal={Machine learning},
  volume={24},
  number={2},
  pages={123--140},
  year={1996},
  publisher={Springer}
}
@inproceedings{ravikumar2007spam,
  title={{SPAM}: Sparse additive models},
  author={Ravikumar, Pradeep and Liu, Han and Lafferty, John and Wasserman, Larry},
  booktitle={Proceedings of the 20th International Conference on Neural Information Processing Systems},
  pages={1201--1208},
  year={2007}
}


@article{bhattacharya2016bayesian,
  title={Bayesian fractional posteriors},
  author={Bhattacharya, Anirban and Pati, Debdeep and Yang, Yun},
  journal={arXiv preprint arXiv:1611.01125},
  year={2016}
}

@article{yang2017bayesian,
  title={Bayesian model selection consistency and oracle inequality with intractable marginal likelihood},
  author={Yang, Yun and Pati, Debdeep},
  journal={arXiv preprint arXiv:1701.00311},
  year={2017}
}

@article{kruijer2010adaptive,
  title={Adaptive Bayesian density estimation with location-scale mixtures},
  author={Kruijer, Willem and Rousseau, Judith and Van Der Vaart, Aad},
  journal={Electronic Journal of Statistics},
  volume={4},
  pages={1225--1257},
  year={2010},
}


@Book{hastie2016elements,
  author =    {Hastie, Trevor and Ribshirani, Robert and Friedman, Jerome},
  title =        {The Elements of Statistical Learning},
  publisher =    {Springer},
  year =         {2009},
  OPTaddress =   {},
  edition =   {2nd},
}

@inproceedings{irsoy2012soft,
  title={Soft decision trees},
  author={Irsoy, Ozan and Yildiz, Olcay Taner and Alpaydin, Ethem},
  booktitle={Proceedings of the 21st International Conference on Pattern Recognition (ICPR2012)},
  year={2012},
  pages={1819-1822}
}

@MISC{Hill:2016,
author = {Hill, Jennifer L.},
title = {{Atlantic Causal Inference Conference Competition results}},
year = {2016},
note={Accessed May 27, 2017 at \url{ http://jenniferhill7.wixsite.com/acic-2016/competition }},
}

@article{sparapani2016nonparametric,
  title={Nonparametric survival analysis using {B}ayesian additive regression trees ({BART})},
  author={Sparapani, Rodney A and Logan, Brent R and McCulloch, Robert E and Laud, Purushottam W},
  journal={Statistics in Medicine},
  year={2016},
  number={16},
  volume={35},
  pages={2741--2753},
  publisher={Wiley Online Library}
}
@article{kim2007visualizable,
  title={Visualizable and interpretable regression models with good prediction power},
  author={Kim, Hyunjoong and Loh, Wei-Yin and Shih, Yu-Shan and Chaudhuri, Probal},
  journal={IIE Transactions},
  volume={39},
  number={6},
  pages={565--579},
  year={2007},
  publisher={Taylor \& Francis}
}
@article{kyung2009characterizing,
  title={Characterizing the variance improvement in linear Dirichlet random effects models},
  author={Kyung, Minjung and Gill, Jeff and Casella, George},
  journal={Statistics \& Probability Letters},
  volume={79},
  number={22},
  pages={2343--2350},
  year={2009},
  publisher={Elsevier}
}
@article{friedman2008predictive,
  title={Predictive learning via rule ensembles},
  author={Friedman, Jerome H and Popescu, Bogdan E},
  journal={The Annals of Applied Statistics},
  pages={916--954},
  year={2008},
  publisher={JSTOR}
}

@article{linero2016bayesian,
author = {Antonio R. Linero},
title = {Bayesian Regression Trees for High-Dimensional Prediction and Variable Selection},
journal = {Journal of the American Statistical Association},
volume = {113},
number = {522},
pages = {626-636},
year  = {2018},
publisher = {Taylor & Francis}
}

@article{mazumder2011sparsenet,
  title={Sparsenet: Coordinate descent with nonconvex penalties},
  author={Mazumder, Rahul and Friedman, Jerome H and Hastie, Trevor},
  journal={Journal of the American Statistical Association},
  volume={106},
  number={495},
  pages={1125--1138},
  year={2011},
  publisher={Taylor \& Francis}
}

@article{liu2000generalised,
  title={Generalised Gibbs sampler and multigrid Monte Carlo for Bayesian computation},
  author={Liu, Jun S and Sabatti, Chiara},
  journal={Biometrika},
  pages={353--369},
  year={2000},
  publisher={JSTOR}
}
@article{li2010bayesian,
  title={Bayesian inference in semiparametric mixed models for longitudinal data},
  author={Li, Yisheng and Lin, Xihong and M{\"u}ller, Peter},
  journal={Biometrics},
  volume={66},
  number={1},
  pages={70--78},
  year={2010},
  publisher={Wiley Online Library}
}
@inproceedings{marlin2009collaborative,
  title={Collaborative prediction and ranking with non-random missing data},
  author={Marlin, Benjamin M and Zemel, Richard S},
  booktitle={Proceedings of the third ACM conference on Recommender systems},
  pages={5--12},
  year={2009},
  organization={ACM}
}
@inproceedings{salakhutdinov2007probabilistic,
  title={Probabilistic Matrix Factorization.},
  author={Salakhutdinov, Ruslan and Mnih, Andriy},
  booktitle={Nips},
  volume={1},
  number={1},
  pages={2--1},
  year={2007}
}
@inproceedings{koren2011ordrec,
  title={OrdRec: an ordinal model for predicting personalized item rating distributions},
  author={Koren, Yehuda and Sill, Joe},
  booktitle={Proceedings of the fifth ACM conference on Recommender systems},
  pages={117--124},
  year={2011},
  organization={ACM}
}
@article{ishwaran2002dirichlet,
  title={Dirichlet prior sieves in finite normal mixtures},
  author={Ishwaran, Hemant and Zarepour, Mahmoud},
  journal={Statistica Sinica},
  pages={941--963},
  year={2002},
  publisher={JSTOR}
}
@article{gelman2006prior,
  title={Prior distributions for variance parameters in hierarchical models},
  author={Gelman, Andrew},
  journal={Bayesian analysis},
  volume={1},
  number={3},
  pages={515--534},
  year={2006},
  publisher={International Society for Bayesian Analysis}
}
@article{liu1999parameter,
  title={Parameter expansion for data augmentation},
  author={Liu, Jun S and Wu, Ying Nian},
  journal={Journal of the American Statistical Association},
  volume={94},
  number={448},
  pages={1264--1274},
  year={1999},
  publisher={Taylor \& Francis Group}
}
@phdthesis{raach2006bayesian,
  title={A Bayesian semiparametric latent variable model for binary, ordinal and continuous response},
  author={Raach, Alexander},
  year={2006},
  school={University of Munich}
}
@article{hastie2000bayesian,
  title={Bayesian backfitting},
  author={Hastie, Trevor and Tibshirani, Robert},
  journal={Statistical Science},
  volume={15},
  number={3},
  pages={196--223},
  year={2000},
  publisher={Institute of Mathematical Statistics}
}

@article{reich2006effects,
  title={Effects of residual smoothing on the posterior of the fixed effects in disease-mapping models},
  author={Reich, Brian J and Hodges, James S and Zadnik, Vesna},
  journal={Biometrics},
  volume={62},
  number={4},
  pages={1197--1206},
  year={2006},
  publisher={Blackwell Publishing Inc}
}
@article{golub1987generalization,
  title={A generalization of the {E}ckart-{Y}oung-{M}irsky matrix approximation theorem},
  author={Golub, Gene H and Hoffman, Alan and Stewart, Gilbert W},
  journal={Linear Algebra and its applications},
  volume={88},
  pages={317--327},
  year={1987},
  publisher={Elsevier}
}
@book{agresti2011categorical,
  title={Categorical data analysis},
  author={Agresti, Alan},
  year={2011},
  publisher={John Wiley \& Sons}
}
@article{canale2011bayesian,
  title={Bayesian kernel mixtures for counts},
  author={Canale, Antonio and Dunson, David B},
  journal={Journal of the American Statistical Association},
  volume={106},
  number={496},
  pages={1528--1539},
  year={2011},
  publisher={Taylor \& Francis}
}
@article{gill2009nonparametric,
  title={Nonparametric priors for ordinal Bayesian social science models: Specification and estimation},
  author={Gill, Jeff and Casella, George},
  journal={Journal of the American Statistical Association},
  volume={104},
  number={486},
  pages={453--454},
  year={2009},
  publisher={Taylor \& Francis}
}

@article {kim2016framework,
author = {Kim, Chanmin and Daniels, Michael J. and Marcus, Bess H. and Roy, Jason A.},
title = {A framework for {B}ayesian nonparametric inference for causal effects of mediation},
journal = {Biometrics},
volume={73},
number={2},
pages={401--409},
issn = {1541-0420},
year={2017}
}



@article{christiansen1997hierarchical,
  title={Hierarchical Poisson regression modeling},
  author={Christiansen, Cindy L and Morris, Carl N},
  journal={Journal of the American Statistical Association},
  volume={92},
  number={438},
  pages={618--632},
  year={1997},
  publisher={Taylor \& Francis Group}
}
@article{daniels1999prior,
  title={A prior for the variance in hierarchical models},
  author={Daniels, Michael J},
  journal={Canadian Journal of Statistics},
  volume={27},
  number={3},
  pages={567--578},
  year={1999},
  publisher={Wiley Online Library}
}
@book{cox2011principles,
  title={Principles of applied statistics},
  author={Cox, David Roxbee and Donnelly, Christl A},
  year={2011},
  publisher={Cambridge University Press}
}
@article{harel2007multiple,
  title={Multiple imputation: review of theory, implementation and software},
  author={Harel, Ofer and Zhou, Xiao-Hua},
  journal={Statistics in medicine},
  volume={26},
  number={16},
  pages={3057--3077},
  year={2007},
  publisher={Wiley Online Library}
}
@inproceedings{plummer2003jags,
  title={JAGS: A program for analysis of Bayesian graphical models using Gibbs sampling},
  author={Plummer, Martyn},
  booktitle={Proceedings of the 3rd International Workshop on Distributed Statistical Computing},
  volume={124},
  pages={125},
  year={2003},
  organization={Vienna}
}
@article{yang2015bayesian,
  title={Bayesian conditional tensor factorizations for high-dimensional classification},
  author={Yang, Yun and Dunson, David B},
  journal={Journal of the American Statistical Association},
  number={just-accepted},
  pages={00--00},
  year={2015},
  publisher={Taylor \& Francis}
}
@article{bhattacharya2012simplex,
  title={Simplex factor models for multivariate unordered categorical data},
  author={Bhattacharya, Anirban and Dunson, David B},
  journal={Journal of the American Statistical Association},
  volume={107},
  number={497},
  pages={362--377},
  year={2012},
  publisher={Taylor \& Francis}
}
@article{dunson2009nonparametric,
  title={Nonparametric Bayes modeling of multivariate categorical data},
  author={Dunson, David B and Xing, Chuanhua},
  journal={Journal of the American Statistical Association},
  volume={104},
  number={487},
  pages={1042--1051},
  year={2009},
  publisher={Taylor \& Francis}
}
@article{bickel2012semiparametric,
  title={The semiparametric {B}ernstein--von {M}ises theorem},
  author={Bickel, PJ and Kleijn, BJK},
  journal={Annals of Statistics},
  volume={40},
  number={1},
  pages={206--237},
  year={2012},
  publisher={Institute of Mathematical Statistics}
}
@book{rubin1987multiple,
  title={Multiple Imputation for Nonresponse in Surveys},
  author={Rubin, Donald B},
  year={1987},
  publisher={Wiley}
}
@article{doove2014recursive,
  title={Recursive partitioning for missing data imputation in the presence of interaction effects},
  author={Doove, LL and Van Buuren, Stef and Dusseldorp, Elise},
  journal={Computational Statistics \& Data Analysis},
  volume={72},
  pages={92--104},
  year={2014},
  publisher={Elsevier}
}
@article{little1988missing,
  title={Missing-data adjustments in large surveys},
  author={Little, Roderick JA},
  journal={Journal of Business \& Economic Statistics},
  volume={6},
  number={3},
  pages={287--296},
  year={1988},
  publisher={Taylor \& Francis}
}
@article{azur2011multiple,
  title={Multiple imputation by chained equations: what is it and how does it work?},
  author={Azur, Melissa J and Stuart, Elizabeth A and Frangakis, Constantine and Leaf, Philip J},
  journal={International Journal of Methods in Psychiatric Research},
  volume={20},
  number={1},
  pages={40--49},
  year={2011},
  publisher={Wiley Online Library}
}



@Book{schafer1997analysis,
  author =    {J. L. Schafer},
  title =        {Analysis of Incomplete Multivariate Data},
  publisher =    {Chapman \& Hall/CRC},
  year =         {1999},
  OPTaddress =   {Boca Raton, FL},
  edition =   {1st}
}

@Book{efron1993introduction,
  author =    {Brad Efron and Robert J. Tibshirani},
  title =        {An Introduction to the Bootstrap},
  publisher =    {Chapman \& Hall},
  year =         {1993},
  address =   {Boca Raton, FL}
}

@Book{carpenter2013multiple,
  author =    {Carpenter, James and Kenward, Michael},
  title =        {Multiple Imputation and Its Application},
  publisher =    {John Wiley \& Sons},
  year =         {2013},
  OPTkey =       {},
  OPTvolume =    {},
  OPTnumber =    {},
  OPTseries =    {},
  address =   {Chichester, West Sussex},
  edition =   {1st},
  OPTmonth =     {},
  OPTnote =      {},
  OPTannote =    {}
}

@misc{genecoexpression,
 author  = "S. Mohammad H. Oloomi",
 title   = "Gene co-expression network with 7221 genes for 18 gastric cancer patients",
 year    = "2013",
 urlseen = "11-06-16",
 note = "\url{https://commons.wikimedia.org/wiki/File:Gene_co-expression_network_with_7221_genes_for_18_gastric_cancer_patients.png}"
}
@inproceedings{murray2010elliptical,
  title={Elliptical slice sampling.},
  author={Murray, Iain and Adams, Ryan Prescott and MacKay, David JC},
  booktitle={AISTATS},
  volume={13},
  pages={541--548},
  year={2010}
}
@article{bradley2015computationally,
  title={Computationally Efficient Distribution Theory for Bayesian Inference of High-Dimensional Dependent Count-Valued Data},
  author={Bradley, Jonathan R and Holan, Scott H and Wikle, Christopher K},
  journal={arXiv preprint arXiv:1512.07273},
  year={2015}
}
@article{foster2011subgroup,
  title={Subgroup identification from randomized clinical trial data},
  author={Foster, Jared C and Taylor, Jeremy MG and Ruberg, Stephen J},
  journal={Statistics in Medicine},
  volume={30},
  number={24},
  pages={2867--2880},
  year={2011},
  publisher={Wiley Online Library}
}
@article{weng2013virality,
  title={Virality prediction and community structure in social networks},
  author={Weng, Lilian and Menczer, Filippo and Ahn, Yong-Yeol},
  journal={Scientific Reports},
  volume={3},
  year={2013},
  publisher={Nature Publishing Group}
}
@article{diaz2006gene,
  title={Gene selection and classification of microarray data using random forest},
  author={D{\'\i}az-Uriarte, Ram{\'o}n and De Andres, Sara Alvarez},
  journal={Bioinformatics},
  volume={7},
  number={1},
  pages={1},
  year={2006},
  publisher={BioMed Central}
}
@article{leonard1973bayesian,
  title={A {B}ayesian method for histograms},
  author={Leonard, Tom},
  journal={Biometrika},
  volume={60},
  number={2},
  pages={297--308},
  year={1973},
  publisher={Biometrika Trust}
}
@article{blei2006correlated,
  title={Correlated topic models},
  author={Blei, David and Lafferty, John},
  journal={Advances in Neural Information Processing Systems},
  volume={18},
  pages={147},
  year={2006},
  publisher={MIT; 1998}
}
@article{chakraborty2008selecting,
  title={Selecting useful groups of features in a connectionist framework},
  author={Chakraborty, Debrup and Pal, Nikhil R},
  journal={IEEE Transactions on Neural Networks},
  volume={19},
  number={3},
  pages={381--396},
  year={2008},
  publisher={IEEE}
}
@article{zhang2008variable,
  title={Variable selection for the multicategory SVM via adaptive sup-norm regularization},
  author={Zhang, Hao Helen and Liu, Yufeng and Wu, Yichao and Zhu, Ji},
  journal={Electronic Journal of Statistics},
  volume={2},
  pages={149--167},
  year={2008},
  publisher={The Institute of Mathematical Statistics and the Bernoulli Society}
}
@article{alon1999broad,
  title={Broad patterns of gene expression revealed by clustering analysis of tumor and normal colon tissues probed by oligonucleotide arrays},
  author={Alon, Uri and Barkai, Naama and Notterman, Daniel A and Gish, Kurt and Ybarra, Suzanne and Mack, Daniel and Levine, Arnold J},
  journal={Proceedings of the National Academy of Sciences},
  volume={96},
  number={12},
  pages={6745--6750},
  year={1999},
  publisher={National Acad Sciences}
}
@unpublished{minka1999dirichlet,
  title={The {D}irichlet-tree distribution},
  author={Minka, Tom},
  year={1999},
  note={Unpublished manuscript available at research.microsoft.com}
}
@article{castillo2015bayesian,
  title={Bayesian linear regression with sparse priors},
  author={Castillo, Isma{\"e}l and Schmidt-Hieber, Johannes and Van der Vaart, Aad},
  journal={The Annals of Statistics},
  volume={43},
  number={5},
  pages={1986--2018},
  year={2015},
  publisher={Institute of Mathematical Statistics}
}
@article{narisetty2014bayesian,
  title={Bayesian variable selection with shrinking and diffusing priors},
  author={Narisetty, Naveen Naidu and He, Xuming},
  journal={The Annals of Statistics},
  volume={42},
  number={2},
  pages={789--817},
  year={2014},
  publisher={Institute of Mathematical Statistics}
}
@article{bhattacharya2015dirichlet,
  title={Dirichlet--{L}aplace priors for optimal shrinkage},
  author={Bhattacharya, Anirban and Pati, Debdeep and Pillai, Natesh S and Dunson, David B},
  journal={Journal of the American Statistical Association},
  volume={110},
  number={512},
  pages={1479--1490},
  year={2015},
  publisher={Taylor \& Francis}
}
@inproceedings{liu2010multivariate,
  title={Multivariate dyadic regression trees for sparse learning problems},
  author={Liu, Han and Chen, Xi},
  booktitle={Advances in Neural Information Processing Systems},
  pages={1441--1449},
  year={2010}
}
@inproceedings{menze2011oblique,
  title={On oblique random forests},
  author={Menze, Bjoern H and Kelm, B Michael and Splitthoff, Daniel N and Koethe, Ullrich and Hamprecht, Fred A},
  booktitle={Joint European Conference on Machine Learning and Knowledge Discovery in Databases},
  pages={453--469},
  year={2011},
  organization={Springer}
}

@article{statnikov2008comprehensive,
  title={A comprehensive comparison of random forests and support vector machines for microarray-based cancer classification},
  author={Statnikov, Alexander and Wang, Lily and Aliferis, Constantin F},
  journal={Bioinformatics},
  volume={9},
  number={1},
  pages={1},
  year={2008},
  publisher={BioMed Central}
}
@article{quintana2016bayesian,
  author = {Fernando A. Quintana and Wesley O. Johnson and L. Elaine Waetjen and Ellen B. Gold},
  title = {Bayesian Nonparametric Longitudinal Data Analysis},
  journal = {Journal of the American Statistical Association},
  volume = {111},
  number = {515},
  pages = {1168-1181},
  year = {2016},
  doi = {10.1080/01621459.2015.1076725}
}
@article{norets2014posterior,
  title={Posterior consistency in conditional density estimation by covariate dependent mixtures},
  author={Norets, Andriy and Pelenis, Justinas},
  journal={Econometric Theory},
  volume={30},
  number={03},
  pages={606--646},
  year={2014},
  publisher={Cambridge Univ Press}
}
@article{kindo2013mpbart,
  title={MPBART-Multinomial Probit {B}ayesian Additive Regression Trees},
  author={Kindo, Bereket P and Wang, Hao and Pe{\~n}a, Edsel A},
  journal={arXiv preprint arXiv:1309.7821},
  year={2013}
}
@article{albert1993bayesian,
  title={Bayesian analysis of binary and polychotomous response data},
  author={Albert, James H and Chib, Siddhartha},
  journal={Journal of the American Statistical Association},
  volume={88},
  number={422},
  pages={669--679},
  year={1993},
  publisher={Taylor \& Francis}
}
@article{polson2013bayesian,
  title={Bayesian inference for logistic models using P{\'o}lya--Gamma latent variables},
  author={Polson, Nicholas G and Scott, James G and Windle, Jesse},
  journal={Journal of the American statistical Association},
  volume={108},
  number={504},
  pages={1339--1349},
  year={2013},
  publisher={Taylor \& Francis}
}
@article{li2012bayesian,
  title={Bayesian variable selection in structured high-dimensional covariate spaces with applications in genomics},
  author={Li, Fan and Zhang, Nancy R},
  journal={Journal of the American Statistical Association},
  year={2012},
  publisher={Taylor \& Francis}
}
@article{stingo2011variable,
  title={Variable selection for discriminant analysis with Markov random field priors for the analysis of microarray data},
  author={Stingo, Francesco C and Vannucci, Marina},
  journal={Bioinformatics},
  volume={27},
  number={4},
  pages={495--501},
  year={2011},
  publisher={Oxford Univ Press}
}
@article{norets2014adaptive,
  title={Adaptive Bayesian estimation of conditional densities},
  author={Norets, Andriy and Pati, Debdeep},
  journal={arXiv preprint arXiv:1408.5355},
  year={2014}
}
@article{ghosal2007posterior,
  title={Posterior convergence rates of {D}irichlet mixtures at smooth densities},
  author={Ghosal, Subhashis and Van Der Vaart, Aad},
  journal={The Annals of Statistics},
  volume={35},
  number={2},
  pages={697--723},
  year={2007},
  publisher={Institute of Mathematical Statistics}
}
@article{zou2005regularization,
  title={Regularization and variable selection via the elastic net},
  author={Zou, Hui and Hastie, Trevor},
  journal={Journal of the Royal Statistical Society: Series B (Statistical Methodology)},
  volume={67},
  number={2},
  pages={301--320},
  year={2005},
  publisher={Wiley Online Library}
}
@incollection{van2008reproducing,
  title={Reproducing kernel Hilbert spaces of Gaussian priors},
  author={van Zanten, JH and van der Vaart, AW},
  booktitle={Pushing the limits of contemporary statistics: contributions in honor of Jayanta K. Ghosh},
  pages={200--222},
  year={2008},
  publisher={Institute of Mathematical Statistics}
}

@article{alexanderian2015brief,
  title={A brief note on the {K}arhunen–{L}oève expansion},
  author={Alexanderian, Alen},
  journal={arXiv preprint arXiv:1509.07526},
  year={2015}
}
@Book{marcus1964survey,
  author =    {M. Marcus and H. Minc},
  title =        {A Survey of Matrix Theory and Matrix Inequalities},
  publisher =    {Allyn and Bacon, Boston},
  year =         {1964},
  OPTkey =       {},
  OPTvolume =    {},
  OPTnumber =    {},
  OPTseries =    {},
  OPTaddress =   {},
  OPTedition =   {},
  OPTmonth =     {},
  OPTnote =      {},
  OPTannote =    {}
}

@article{van2008rates,
  title={Rates of contraction of posterior distributions based on Gaussian process priors},
  author={van der Vaart, Aad W and van Zanten, J Harry},
  journal={The Annals of Statistics},
  pages={1435--1463},
  year={2008},
  publisher={JSTOR}
}
@article{gregorutti2015grouped,
  title={Grouped variable importance with random forests and application to multiple functional data analysis},
  author={Gregorutti, Baptiste and Michel, Bertrand and Saint-Pierre, Philippe},
  journal={Computational Statistics \& Data Analysis},
  volume={90},
  pages={15--35},
  year={2015},
  publisher={Elsevier}
}
@article{tolocsi2011classification,
  title={Classification with correlated features: unreliability of feature ranking and solutions},
  author={Tolo{\c{s}}i, Laura and Lengauer, Thomas},
  journal={Bioinformatics},
  volume={27},
  number={14},
  pages={1986--1994},
  year={2011},
  publisher={Oxford Univ Press}
}
@article{yuan2006model,
  title={Model selection and estimation in regression with grouped variables},
  author={Yuan, Ming and Lin, Yi},
  journal={Journal of the Royal Statistical Society: Series B (Statistical Methodology)},
  volume={68},
  number={1},
  pages={49--67},
  year={2006},
  publisher={Wiley Online Library}
}
@article{ma2007supervised,
  title={Supervised group Lasso with applications to microarray data analysis},
  author={Ma, Shuangge and Song, Xiao and Huang, Jian},
  journal={Bioinformatics},
  volume={8},
  number={1},
  pages={1},
  year={2007},
  publisher={BioMed Central}
}

@article{sethuraman1961some,
  title={Some limit theorems for joint distributions},
  author={Sethuraman, J},
  journal={Sankhy{\=a}: The Indian Journal of Statistics, Series A},
  pages={379--386},
  year={1961},
  publisher={JSTOR}
}
@article{schwartz1965bayes,
  title={On {B}ayes procedures},
  author={Schwartz, Lorraine},
  journal={Zeitschrift f{\"u}r Wahrscheinlichkeitstheorie und verwandte Gebiete},
  volume={4},
  number={1},
  pages={10--26},
  year={1965},
  publisher={Springer}
}
@inproceedings{plummer2003jags,
  title={{JAGS}: A program for analysis of {B}ayesian graphical models using {G}ibbs sampling},
  author={Plummer, Martyn},
  booktitle={Proceedings of the 3rd international workshop on distributed statistical computing},
  volume={124},
  pages={125},
  year={2003},
  organization={Technische Universit at Wien Wien, Austria}
}
@article{rubin1981bayesian,
  title={The {B}ayesian {B}ootstrap},
  author={Rubin, Donald B},
  journal={The Annals of Statistics},
  volume={9},
  number={1},
  pages={130--134},
  year={1981},
  publisher={Institute of Mathematical Statistics}
}
@article{wager2015uniform,
  title={Uniform Convergence of Random Forests via Adaptive Concentration},
  author={Wager, Stefan and Walther, Guenther},
  journal={arXiv preprint arXiv:1503.06388},
  year={2015}
}
@article{biau2012analysis,
  title={Analysis of a random forests model},
  author={Biau, G{\~A}{\v{S}}rard},
  journal={Journal of Machine Learning Research},
  volume={13},
  number={Apr},
  pages={1063--1095},
  year={2012}
}

@inproceedings{tipping2003fast,
  title={Fast Marginal Likelihood Maximisation for Sparse Bayesian Models.},
  author={Tipping, Michael E and Faul, Anita C},
  booktitle={AISTATS},
  year={2003}
}
@inproceedings{lakshminarayanan2015particle,
  title={Particle {G}ibbs for {B}ayesian Additive Regression Trees},
  author={Lakshminarayanan, Balaji and Roy, Daniel M and Teh, Yee Whye and Unit, Gatsby},
  year={2015},
  booktitle={Artifical Intelligence and Statistics},
}
@article{zhu2015reinforcement,
  title={Reinforcement learning trees},
  author={Zhu, Ruoqing and Zeng, Donglin and Kosorok, Michael R},
  journal={Journal of the American Statistical Association},
  volume={110},
  number={512},
  pages={1770--1784},
  year={2015},
  publisher={Taylor \& Francis}
}
@article{pratola2016efficient,
  title={Efficient {M}etropolis-{H}astings Proposal Mechanisms for {B}ayesian Regression Tree Models},
  author={Pratola, MT},
  journal={Bayesian Analysis},
  volume={11},
  number={3},
  pages={885--911},
  year={2016}
}
@article{pratola2014parallel,
  title={Parallel {B}ayesian additive regression trees},
  author={Pratola, Matthew T and Chipman, Hugh A and Gattiker, James R and Higdon, David M and McCulloch, Robert and Rust, William N},
  journal={Journal of Computational and Graphical Statistics},
  volume={23},
  number={3},
  pages={830--852},
  year={2014},
  publisher={Taylor \& Francis}
}

@book{quinlan1993c4,
  title={C4. 5: Programs for Machine Learning},
  author={Quinlan, John Ross},
  year={1993},
  publisher={Morgan Kaufmann, San Mateo, CA}
}

@article{kass1980exploratory,
  title={An exploratory technique for investigating large quantities of categorical data},
  author={Kass, Gordon V},
  journal={Applied statistics},
  pages={119--127},
  year={1980},
  volume={29},
  number={2}
}

@article{terrell1992variable,
  title={Variable kernel density estimation},
  author={Terrell, George R and Scott, David W},
  journal={The Annals of Statistics},
  pages={1236--1265},
  year={1992},
  publisher={JSTOR}
}
@article{herrmann1997local,
  title={Local bandwidth choice in kernel regression estimation},
  author={Herrmann, Eva},
  journal={Journal of Computational and Graphical Statistics},
  volume={6},
  number={1},
  pages={35--54},
  year={1997},
  publisher={Taylor \& Francis Group}
}
@article{davies2014random,
  title={The random forest kernel and other kernels for big data from random partitions},
  author={Davies, Alex and Ghahramani, Zoubin},
  journal={arXiv preprint arXiv:1402.4293},
  year={2014}
}
@article{scornet2015random,
  title={Random forests and kernel methods},
  author={Scornet, Erwan},
  journal={IEEE Transactions on Information Theory},
  year={2015},
  volume={},
  pages={in press}
}
@article{scornet2016random,
  title={Random forests and kernel methods},
  author={Scornet, Erwan},
  journal={IEEE Transactions on Information Theory},
  volume={62},
  number={3},
  pages={1485--1500},
  year={2016},
  publisher={IEEE}
}
@article{scornet2015consistency,
  title={Consistency of random forests},
  author={Scornet, Erwan and Biau, G\'erard and Vert, Jean-Philippe},
  journal={Annals of Statistics},
  pages={1716--1741},
  year={2015}
}
@inproceedings{lakshminarayanan2014mondrian,
  title={Mondrian forests: Efficient online random forests},
  author={Lakshminarayanan, Balaji and Roy, Daniel M and Teh, Yee Whye},
  booktitle={Advances in Neural Information Processing Systems},
  pages={3140--3148},
  year={2014}
}
@article{arlot2014analysis,
  title={Analysis of purely random forests bias},
  author={Arlot, Sylvain and Genuer, Robin},
  journal={arXiv preprint arXiv:1407.3939},
  year={2014}
}
@misc{breiman2000some,
  title={Some infinity theory for predictor ensembles},
  author={Breiman, Leo},
  year={2000},
  note={Technical Report 579, Department of Statistics, University of California, Berkeley}
}
@article{miller2015mixture,
  title={Mixture Models With a Prior on the Number of Components},
  author={Miller, Jeffrey W and Harrison, Matthew T},
  journal={Journal of the American Statistical Association},
  volume = {113},
  number  = {521},
  pages  = {340--356},
  year={2018}
}
@article{casella2014cluster,
  title={Cluster analysis, model selection, and prior distributions on models},
  author={Casella, George and Moreno, El{\'\i}as and Gir{\'o}n, F Javier},
  journal={Bayesian Analysis},
  volume={9},
  number={3},
  pages={613--658},
  year={2014},
  publisher={International Society for Bayesian Analysis}
}
@article{mente2005recursive,
  title={A recursive-partitioning model for blood--brain barrier permeation},
  author={Mente, SR and Lombardo, Franco},
  journal={Journal of computer-aided molecular design},
  volume={19},
  number={7},
  pages={465--481},
  year={2005},
  publisher={Springer}
}
@article{storlie2011surface,
  title={Surface estimation, variable selection, and the nonparametric oracle property},
  author={Storlie, Curtis B and Bondell, Howard D and Reich, Brian J and Zhang, Hao Helen},
  journal={Statistica Sinica},
  volume={21},
  number={2},
  pages={679},
  year={2011},
  publisher={NIH Public Access}
}
@article{steele1994cam,
  title={LeCam's inequality and Poisson approximations},
  author={Steele, J Michael},
  journal={American Mathematical Monthly},
  pages={48--54},
  year={1994},
  publisher={JSTOR}
}
@article{rovckova2014emvs,
  title={{EMVS}: The {EM} approach to {B}ayesian variable selection},
  author={Ro{\v{c}}kov{\'a}, Veronika and George, Edward I},
  journal={Journal of the American Statistical Association},
  volume={109},
  number={506},
  pages={828--846},
  year={2014},
  publisher={Taylor \& Francis}
}
@article{dubey1970compound,
  title={Compound gamma, beta and F distributions},
  author={Dubey, Satya D},
  journal={Metrika},
  volume={16},
  number={1},
  pages={27--31},
  year={1970},
  publisher={Springer}
}
@article{scott2010bayes,
  title={Bayes and empirical-Bayes multiplicity adjustment in the variable-selection problem},
  author={Scott, James G and Berger, James O},
  journal={The Annals of Statistics},
  volume={38},
  number={5},
  pages={2587--2619},
  year={2010},
  publisher={Institute of Mathematical Statistics}
}
@article{taddy2012dynamic,
  title={Dynamic trees for learning and design},
  author={Taddy, Matthew A and Gramacy, Robert B and Polson, Nicholas G},
  journal={Journal of the American Statistical Association},
  volume={106},
  number={493},
  pages={109--123},
  year={2011},
  publisher={Taylor \& Francis}
}
@article{yang2014minimax,
  title={Minimax Optimal {B}ayesian Aggregation},
  author={Yang, Yun and Dunson, David B},
  journal={arXiv preprint arXiv:1403.1345},
  year={2014}
}
@book{rasmussen2005gaussian,
 author = {Rasmussen, Carl Edward and Williams, Christopher K. I.},
 title = {Gaussian {P}rocesses for {M}achine {L}earning (Adaptive Computation and Machine Learning)},
 year = {2006},
 isbn = {026218253X},
 publisher = {MIT Press, Cambridge},
}
@phdthesis{neal1995bayesian,
  title={Bayesian Learning For Neural Networks},
  author={Neal, Radford M},
  year={1995},
  school={University of Toronto}
}
@article{bhattacharya2014anisotropic,
  title={Anisotropic function estimation using multi-bandwidth {G}aussian processes},
  author={Bhattacharya, Anirban and Pati, Debdeep and Dunson, David},
  journal={Annals of Statistics},
  volume={42},
  number={1},
  pages={352},
  year={2014}
}
@article{yang2015minimax,
  title={Minimax-optimal nonparametric regression in high dimensions},
  author={Yang, Yun and Tokdar, Surya T},
  journal={The Annals of Statistics},
  volume={43},
  number={2},
  pages={652--674},
  year={2015},
  publisher={Institute of Mathematical Statistics}
}
@book{van1996weak,
  title={Weak Convergence},
  author={Van Der Vaart, Aad W and Wellner, Jon A},
  year={1996},
  publisher={Springer, New York}
}
@TechReport{west1992hyperparameter,
  title       = {Hyperparameter estimation in {D}irichlet process mixture models},
  author      = {West, Mike},
  year        = {1992},
  institution = {Duke University, Institute of Statistics and Decision Sciences},
  number      = {Discussion Paper 92-A03},
}

@article{friedman1991multivariate,
  title={Multivariate adaptive regression splines},
  author={Friedman, Jerome H},
  journal={The Annals of Statistics},
  pages={1--67},
  year={1991},
  volume={19},
  number={1},
  publisher={JSTOR}
}
@article{bleich2014bayesian,
  title={Bayesian Additive Regression Trees With Parametric Models of Heteroskedasticity},
  author={Bleich, Justin and Kapelner, Adam},
  journal={arXiv preprint arXiv:1402.5397},
  year={2014}
}
@article{chipman1998bayesian,
  title={Bayesian {CART} model search},
  author={Chipman, Hugh A and George, Edward I and McCulloch, Robert E},
  journal={Journal of the American Statistical Association},
  volume={93},
  number={443},
  pages={935--948},
  year={1998},
  publisher={Taylor \& Francis Group}
}
@article{denison1998bayesian,
  title={A {B}ayesian {CART} algorithm},
  author={Denison, David GT and Mallick, Bani K and Smith, Adrian FM},
  journal={Biometrika},
  volume={85},
  number={2},
  pages={363--377},
  year={1998},
  publisher={Biometrika Trust}
}
@article{freund1999short,
  title={A short introduction to boosting},
  author={Freund, Yoav and Schapire, Robert and Abe, N},
  journal={Journal of Japanese Society For Artificial Intelligence},
  volume={4},
  number={5},
  pages={771-780},
  year={1999}
}
@article{breiman2001random,
  title={Random forests},
  author={Breiman, Leo},
  journal={Machine Learning},
  volume={45},
  number={1},
  pages={5--32},
  year={2001},
  publisher={Springer}
}
@book{breiman1984classification,
  title={Classification and regression trees},
  author={Breiman, Leo and Friedman, Jerome and Stone, Charles J and Olshen, Richard A},
  year={1984},
  publisher={Wadsworth International Group, Belmont, CA}
}
@article{yang2015semiparametric,
  title={Semiparametric Bernstein-von Mises Theorem: Second Order Studies},
  author={Yang, Yun and Cheng, Guang and Dunson, David B},
  journal={arXiv preprint arXiv:1503.04493},
  year={2015}
}
@article{shen2013adaptive,
  title={Adaptive {B}ayesian multivariate density estimation with {D}irichlet mixtures},
  author={Shen, Weining and Tokdar, Surya T and Ghosal, Subhashis},
  journal={Biometrika},
  volume={100},
  number={3},
  pages={623--640},
  year={2013},
  publisher={Biometrika Trust}
}
@article{canale2015bayesian,
  title={Bayesian multivariate mixed-scale density estimation},
  author={Canale, Antonio and Dunson, David B},
  journal={Statistics and its Interface},
  volume={8},
  number={2},
  pages={195--201},
  year={2015},
  publisher={INT PRESS BOSTON, INC PO BOX 43502, SOMERVILLE, MA 02143 USA}
}
@article{bleich2014variable,
  title={Variable selection for {BART}: An application to gene regulation},
  author={Bleich, Justin and Kapelner, Adam and George, Edward I and Jensen, Shane T},
  journal={The Annals of Applied Statistics},
  volume={8},
  number={3},
  pages={1750--1781},
  year={2014},
  publisher={Institute of Mathematical Statistics}
}

@article{olver2010digital,
  title={Digital library of mathematical functions},
  author={Olver, Frank WJ and Lozier, Daniel W and Boisvert, Ronald F and Clark, Charles W},
  journal={National Institute of Standards and Technology from http://dlmf. nist. gov/(release date 2011-07-01), Washington, DC},
  year={2010}
}
@article{wu2008kullback,
  title={Kullback Leibler property of kernel mixture priors in Bayesian density estimation},
  author={Wu, Yuefeng and Ghosal, Subhashis},
  journal={Electronic Journal of Statistics},
  volume={2},
  pages={298--331},
  year={2008},
  publisher={Institute of Mathematical Statistics}
}
@article{canale2013posterior,
  title={Posterior consistency of nonparametric location-scale mixtures for
                  multivariate density estimation},
  author={Canale, Antonio and De Blasi, Pierpaolo},
  journal={arXiv preprint arXiv:1306.2671},
  year={2013}
}
@article{barron1999consistency,
  title={The consistency of posterior distributions in nonparametric problems},
  author={Barron, Andrew and Schervish, Mark J and Wasserman, Larry},
  journal={The Annals of Statistics},
  volume={27},
  number={2},
  pages={536--561},
  year={1999},
  publisher={Institute of Mathematical Statistics}
}
@inproceedings{cowans2004information,
  title={Information retrieval using hierarchical {D}irichlet processes},
  author={Cowans, Philip J},
  booktitle={Proceedings of the 27th Annual International ACM SIGIR Conference
                  on Research and Development in Information Retrieval},
  pages={564--565},
  year={2004}
}
@article{dempster1977maximum,
  title={Maximum Likelihood from Incomplete Data Via the {E}{M} Algorithm},
  author={Dempster, Arthur P and Laird, Nan M and Rubin, Donald B},
  journal={Journal of the Royal Statistical Society, Series B},
  pages={1--38},
  volume={39},
  number={1},
  year={1977}
}
@article{de2009bayesian,
  title={Bayesian nonparametric nonproportional hazards survival modeling},
  author={Maria {De Iorio} and Wesley O. Johnson and Peter M{\"u}ller and Gary L. Rosner},
  journal={Biometrics},
  volume={65},
  number={3},
  pages={762--771},
  year={2009},
  publisher={Wiley Online Library}
}
@article{de2004anova,
  title={An {ANOVA} model for dependent random measures},
  author={De Iorio, Maria and M{\"u}ller, Peter and Rosner, Gary L and MacEachern, Steven N},
  journal={Journal of the American Statistical Association},
  volume={99},
  number={465},
  pages={205--215},
  year={2004},
  publisher={Taylor \& Francis}
}
@article{muller2004method,
  title={A method for combining inference across related nonparametric Bayesian models},
  author={M{\"u}ller, Peter and Quintana, Fernando and Rosner, Gary},
  journal={Journal of the Royal Statistical Society: Series B (Statistical Methodology)},
  volume={66},
  number={3},
  pages={735--749},
  year={2004},
  publisher={Wiley Online Library}
}
@book{gelman2006data,
  title={Data Analysis Using Regression and Multilevel/Hierarchical Models},
  author={Gelman, Andrew and Hill, Jennifer},
  year={2006},
  publisher={Cambridge University Press}
}

@inproceedings{teh2007collapsed,
  title={Collapsed variational inference for {H}{D}{P}},
  author={Teh, Yee W and Kurihara, Kenichi and Welling, Max},
  booktitle={Advances in Neural Information Processing Systems},
  pages={1481--1488},
  year={2007}
}

@inproceedings{wang2011online,
  title={Online variational inference for the hierarchical {D}irichlet process},
  author={Wang, Chong and Paisley, John W and Blei, David M},
  booktitle={International Conference on Artificial Intelligence and Statistics},
  pages={752--760},
  year=2011
}

@article{casella2001empirical,
  title={Empirical {B}ayes {G}ibbs sampling},
  author={Casella, George},
  journal={Biostatistics},
  volume={2},
  number={4},
  pages={485--500},
  year={2001},
  publisher={Biometrika Trust}
}

@article{geyer1995annealing,
  title={Annealing {M}arkov chain {M}onte {C}arlo with applications to
                  ancestral inference},
  author={Geyer, Charles J. and Thompson, Elizabeth A.},
  journal={Journal of the American Statistical Association},
  volume={90},
  number={431},
  pages={909--920},
  year={1995},
  publisher={Taylor \& Francis Group}
}



@Unpublished{wang2012split,
  author = 	 {Wang, Chong and Blei, David M},
  title = 	 {A split-merge {MCMC} algorithm for the hierarchical {D}irichlet
                  process},
  note = 	 {Available at arXiv:1201.1657},
  OPTkey = 	 {},
  OPTmonth = 	 {},
  year = 	 {2012},
  OPTannote = 	 {}
}
@article{wu2010l1,
  title={The {L1}-consistency of {D}irichlet mixtures in multivariate {B}ayesian
                  density estimation},
  author={Wu, Yuefeng and Ghosal, Subhashis},
  journal={Journal of Multivariate Analysis},
  volume={101},
  number={10},
  pages={2411--2419},
  year={2010},
  publisher={Elsevier}
}
@article{gelman1998simulating,
  title={Simulating normalizing constants: From
         importance sampling to bridge sampling to path sampling},
  author={Gelman, Andrew and Meng, Xiao-Li},
  journal={Statistical Science},
  pages={163--185},
  volume={13},
  year={1998}
}

@article{kong2003theory,
  title={A theory of statistical models for {M}onte {C}arlo integration},
  author={Kong, A and McCullagh, P and Meng, X-L and Nicolae, D and Tan, Z},
  journal={Journal of the Royal Statistical Society: Series B},
  volume={65},
  number={3},
  pages={585--604},
  year={2003}
}

@article{liang2007stochastic,
  title={Stochastic approximation in {M}onte {C}arlo computation},
  author={Liang, Faming and Liu, Chuanhai and Carroll, Raymond J},
  journal={Journal of the American Statistical Association},
  volume={102},
  number={477},
  pages={305--320},
  year={2007},
  publisher={Taylor \& Francis}
}

@InCollection{geyer2011handbook,
  author = 	 {Geyer, Charles J},
  title = 	 {Importance Sampling, Simulated Tempering,
                  and Umbrella Sampling},
  booktitle = 	 {Handbook of Markov Chain Monte Carlo},
  publisher={CRC press},
  OPTcrossref =  {},
  OPTkey = 	 {},
  year = 	 {2011},
  OPTeditor = 	 {},
  OPTvolume = 	 {},
  OPTnumber = 	 {},
  OPTseries = 	 {},
  OPTtype = 	 {},
  OPTchapter = 	 {},
  pages = 	 {301--318},
  OPTedition = 	 {},
  OPTmonth = 	 {},
  OPTaddress = 	 {},
  OPTnote = 	 {},
  OPTannote = 	 {}
}

@article{meng1996simulating,
  title={Simulating ratios of normalizing constants via a simple identity: a theoretical exploration},
  author={Meng, Xiao-Li and Wong, Wing Hung},
  journal={Statistica Sinica},
  volume={6},
  number={4},
  pages={831--860},
  year={1996}
}

@article{blei2003latent,
  title={Latent {D}irichlet allocation},
  author={Blei, David M and Ng, Andrew Y and Jordan, Michael I},
  journal={Journal of Machine Learning Research},
  volume={3},
  pages={993--1022},
  year={2003}
}

@article{geyer1991estimating,
  title={Estimating Normalizing Constants and Reweighting Mixtures in
                  {M}arkov Chain {M}onte {C}arlo. {T}echnical {R}eport 568r,
                  {D}ept. {S}tatistics, {U}niv. {M}innesota},
  author={Geyer, Charles J.},
  year={1994}
}

@article{blei2006variational,
  title={Variational inference for {D}irichlet process mixtures},
  author={Blei, David M and Jordan, Michael I},
  journal={Bayesian analysis},
  volume={1},
  number={1},
  pages={121--143},
  year={2006},
  publisher={International Society for Bayesian Analysis}
}

@article{tan2004likelihood,
  title={On a likelihood approach for {M}onte {C}arlo integration},
  author={Tan, Zhiqiang},
  journal={Journal of the American Statistical Association},
  volume={99},
  number={468},
  pages={1027--1036},
  year={2004},
  publisher={Taylor \& Francis}
}

@article{frangakis1999addressing,
  title={Addressing complications of intention-to-treat analysis in
                  the combined presence of all-or-none
                  treatment-noncompliance and subsequent missing
                  outcomes},
  author={Frangakis, Constantine E. and Rubin, Donald B.},
  journal={Biometrika},
  volume={86},
  number={2},
  pages={365--379},
  year={1999},
  publisher={Biometrika Trust}
}

@article{schwartz1965bayes,
  title={On {B}ayes procedures},
  author={Schwartz, Lorraine},
  journal={Zeitschrift f{\"u}r Wahrscheinlichkeitstheorie und verwandte Gebiete},
  volume={4},
  number={1},
  pages={10--26},
  year={1965},
  publisher={Springer}
}

@article{robins1997toward,
  title={Toward a curse of dimensionality appropriate ({CODA}) asymptotic theory for semi-parametric models},
  author={Robins, James M. and Ritov, Ya'acov},
  journal={Statistics in medicine},
  volume={16},
  number={3},
  pages={285--319},
  year={1997}
}
@article{ghosal2000convergence,
  title={Convergence rates of posterior distributions},
  author={Ghosal, Subhashis and Ghosh, Jayanta K and van der Vaart, Aad W},
  journal={Annals of Statistics},
  volume={28},
  number={2},
  pages={500--531},
  year={2000},
  publisher={Institute of Mathematical Statistics}
}
@book{van2000asymptotic,
  title={Asymptotic Statistics},
  author={van der Vaart, Aad W},
  volume={3},
  year={2000},
  publisher={Cambridge university press}
}
@article{doss1994bayesian,
  title={Bayesian nonparametric estimation for incomplete data via successive substitution sampling},
  author={Doss, Hani},
  journal={The Annals of Statistics},
  pages={1763--1786},
  year={1994},
  publisher={JSTOR}
}
@article{ghosal1999posterior,
  title={Posterior consistency of {D}irichlet mixtures in density estimation},
  author={Ghosal, Subhashis and Ghosh, Jayanta K and Ramamoorthi, R V},
  journal={Annals of Statistics},
  volume={27},
  number={1},
  pages={143--158},
  year={1999},
  publisher={Institute of Mathematical Statistics}
}

@article{njagi2014characterization,
  title={A characterization of missingness at random in a generalized
                  shared-parameter joint modeling framework for
                  longitudinal and time-to-event data, and sensitivity
                  analysis},
  author={Njagi, Edmund Njeru and Molenberghs, Geert and Kenward, Michael G. and Verbeke, Geert and Rizopoulos, Dimitris},
  journal={Biometrical Journal},
  year={2014},
  publisher={Wiley Online Library}
}

@article{creemers2010sensitivity,
  title={A Sensitivity Analysis for Shared-Parameter Models for Incomplete Longitudinal Outcomes},
  author={Creemers, An and Hens, Niel and Aerts, Marc and Molenberghs, Geert and Verbeke, Geert and Kenward, Michael G.},
  journal={Biometrical Journal},
  volume={52},
  number={1},
  pages={111--125},
  year={2010},
  publisher={Wiley Online Library}
}
@article{griffiths2004finding,
  title={Finding scientific topics},
  author={Griffiths, Thomas L and Steyvers, Mark},
  journal={Proceedings of the National Academy of Sciences},
  volume={101},
  number={1},
  pages={5228--5235},
  year={2004},
  publisher={National Academy of Sciences}
}
@article{robert1995simulation,
  title={Simulation of truncated normal variables},
  author={Robert, Christian P},
  journal={Statistics and computing},
  volume={5},
  number={2},
  pages={121--125},
  year={1995},
  publisher={Springer}
}
@article{chipman2010bart,
  title={{BART}: {B}ayesian additive regression trees},
  author={Chipman, Hugh A and George, Edward I and McCulloch, Robert E},
  journal={The Annals of Applied Statistics},
  volume={4},
  number={1},
  pages={266--298},
  year={2010},
  publisher={Institute of Mathematical Statistics}
}

@article{linero2015flexible,
  title={A Flexible {B}ayesian Approach to Monotone Missing Data in
                  Longitudinal Studies with Informative Dropout with
                  Application to a Schizophrenia Clinical Trial}  ,
  author={Linero, Antonio R and Daniels, Michael J},
  volume={110},
  number={1},
  pages={45--55},
  journal={Journal of the American Statistical Association},
  year={2015}
}

@article{george2000calibration,
  title={Calibration and empirical {B}ayes variable selection},
  author={George, Edward I and Foster, Dean P},
  journal={Biometrika},
  volume={87},
  number={4},
  pages={731--747},
  year={2000},
  publisher={Biometrika Trust}
}


@article{robbins1951stochastic,
  title={A stochastic approximation method},
  author={Robbins, Herbert and Monro, Sutton},
  journal={The Annals of Mathematical Statistics},
  pages={400--407},
  year={1951},
  publisher={JSTOR}
}

@inproceedings{maceachern1999dependent,
  title={Dependent nonparametric processes},
  author={MacEachern, Steven N},
  booktitle={ASA Proceedings of the Section on Bayesian Statistical Science},
  pages={50--55},
  year={1999}
}

@article{booth1999maximizing,
  title={Maximizing generalized linear mixed model likelihoods with an automated
                  {M}onte {C}arlo {EM} algorithm},
  author={Booth, James G and Hobert, James P},
  journal={Journal of the Royal Statistical Society: Series B},
  volume={61},
  number={1},
  pages={265--285},
  year={1999}
}
@TechReport{pitman2002combinatorial,
  author =       {Pitman, Jim},
  title =        {Combinatorial Stochastic Processes},
  institution =  {Department of Statistics, University of California, Berkeley},
  year =         {2002},
  number =       {621},
}
@article{teh2006hierarchical,
  title={Hierarchical {D}irichlet processes},
  author={Teh, Yee Whye and Jordan, Michael I and Beal, Matthew J and
                  Blei, David M},
  journal={Journal of the American Statistical Association},
  volume={101},
  pages={1566--1581},
  number={476},
  year={2006}
}

@article{kyung2010estimation,
  title={Estimation in Dirichlet random effects models},
  author={Kyung, Minjung and Gill, Jeff and Casella, George},
  journal={The Annals of Statistics},
  volume={38},
  number={2},
  pages={979--1009},
  year={2010},
  publisher={Institute of Mathematical Statistics}
}

@article{buta2011computational,
  title={Computational approaches for empirical {B}ayes methods and
                  {B}ayesian sensitivity analysis},
  author={Buta, Eugenia and Doss, Hani},
  journal={The Annals of Statistics},
  volume={39},
  number={5},
  pages={2658--2685},
  year={2011},
  publisher={Institute of Mathematical Statistics}
}

@article{hobert1996effect,
  title={The effect of improper priors on {G}ibbs sampling in
                  hierarchical linear mixed models},
  author={Hobert, James P and Casella, George},
  journal={Journal of the American Statistical Association},
  volume={91},
  number={436},
  pages={1461--1473},
  year={1996},
  publisher={Taylor \& Francis}
}
@book{ghosh2003nonparametrics,
  title={{B}ayesian Nonparametrics},
  author={Ghosh, J K and Ramamoorthi, R V},
  year={2003},
  publisher={Springer}
}
@book{robert2001bayesian,
  title={The Bayesian Choice: From Decision-Theoretic Foundations to
                  Computational Implementation},
  author={Robert, Christian P},
  year={2001},
  publisher={Springer-Verlag New York}
}

@article{doss2010estimation,
  title={Estimation of large families of {B}ayes factors from {M}arkov
                  chain output},
  author={Doss, Hani},
  journal={Statistica Sinica},
  volume={20},
  number={2},
  pages={537--560},
  year={2010}
}

@article{atchade2011computational,
  title={A computational framework for empirical {B}ayes inference},
  author={Atchad{\'e}, Yves F},
  journal={Statistics and Computing},
  volume={21},
  number={4},
  pages={463--473},
  year={2011},
  publisher={Springer}
}

@article{rodriguez2008nested,
  title={The nested {D}irichlet process},
  author={Rodriguez, Abel and Dunson, David B and Gelfand, Alan E},
  journal={Journal of the American Statistical Association},
  volume={103},
  pages={1131--1154},
  number={483},
  year={2008}
}

@inproceedings{andrieu2005line,
  title={On-line parameter estimation in general state-space models},
  author={Andrieu, Christophe and Doucet, Arnaud and Tadic, Vladislav B},
  booktitle={Decision and Control, 2005 and 2005 European Control
                  Conference. CDC-ECC'05. 44th IEEE Conference on},
  pages={332--337},
  year={2005},
  organization={IEEE}
}

@article{liu1996nonparametric,
  title={Nonparametric hierarchical {B}ayes via sequential imputations},
  author={Liu, Jun S},
  journal={The Annals of Statistics},
  pages={911--930},
  year={1996},
  publisher={JSTOR}
}

@article{mcauliffe2006nonparametric,
  title={Nonparametric empirical Bayes for the Dirichlet process mixture model},
  author={McAuliffe, Jon D and Blei, David M and Jordan, Michael I},
  journal={Statistics and Computing},
  volume={16},
  number={1},
  pages={5--14},
  year={2006},
  publisher={Springer}
}

@article{dunson2007empirical,
  title={Empirical Bayes density regression},
  author={Dunson, David B},
  journal={Statistica Sinica},
  volume={17},
  number={2},
  pages={481},
  year={2007},
  publisher={C/O DR HC HO, INST STATISTICAL SCIENCE, ACADEMIA SINICA, TAIPEI 115, TAIWAN}
}

@article{gu1998stochastic,
  title={A stochastic approximation algorithm with Markov chain
                  Monte-Carlo method for incomplete data estimation
                  problems},
  author={Gu, Ming Gao and Kong, Fan Hui},
  journal={Proceedings of the National Academy of Sciences},
  volume={95},
  number={13},
  pages={7270--7274},
  year={1998},
  publisher={National Acad Sciences}
}

@article{doss2012hyperparameter,
  title={Hyperparameter and model selection for nonparametric {B}ayes
                  problems via {R}adon-{N}ikodym derivatives},
  author={Doss, Hani},
  journal={Statistica Sinica},
  volume={22},
  pages={1--26},
  year={2012}
}
@article{seaman2013meant,
  title={What Is Meant by “Missing at Random”?},
  author={Seaman, Shaun and Galati, John and Jackson, Dan and Carlin, John},
  journal={Statistical Science},
  volume={28},
  number={2},
  pages={257--268},
  year={2013},
  publisher={Institute of Mathematical Statistics}
}
@article{kullback1951information,
  title={On information and sufficiency},
  author={Kullback, Solomon and Leibler, Richard A},
  journal={The Annals of Mathematical Statistics},
  pages={79--86},
  year={1951},
  publisher={JSTOR}
}
@article{ali1966general,
  title={A general class of coefficients of divergence of one distribution from
                  another},
  author={Ali, Syed Mumtaz and Silvey, Samuel D},
  journal={Journal of the Royal Statistical Society. Series B},
  pages={131--142},
  year={1966},
  publisher={JSTOR}
}
@article{maceachern2000dependent,
  title={Dependent {D}irichlet processes},
  author={MacEachern, Steven N},
  journal={Unpublished manuscript, Department of Statistics, The Ohio State University},
  year={2000}
}

@article{little2002statistical,
  title={Statistical analysis with missing data},
  author={Little, Roderick J A and Rubin, Donald B},
  year={2002},
  publisher={Wiley}
}
@inproceedings{sethuraman1981convergence,
  title={Convergence of {D}irichlet Measures and the Interpretation of Their
                  Parameter},
  author={Sethuraman, Jayaram and Tiwari, Ram C},
  booktitle={Proceedings of the Third Purdue Symposium on Statistical Decision
                  Theory and Related Topics},
  year={1982},
  editor={Gupta, S S and Berger, J O},
  publisher={Academic Press, New York},
  OPTtype = 	 {},
  OPTnumber = 	 {M583},
  OPTaddress = 	 {},
  OPTmonth = 	 {},
  OPTnote = 	 {},
  OPTannote = 	 {}
}
@article{sethuraman1961some,
  title={Some limit theorems for joint distributions},
  author={Sethuraman, J},
  journal={Sankhy{\=a} Series A},
  pages={379--386},
  year={1961},
  publisher={JSTOR}
}
@article{sweeting1989conditional,
  title={On conditional weak convergence},
  author={Sweeting, TJ},
  journal={Journal of Theoretical Probability},
  volume={2},
  number={4},
  pages={461--474},
  year={1989},
  publisher={Springer}
}
@book{steck1957limit,
  title={Limit theorems for conditional distributions},
  author={Steck, George P},
  year={1957},
  publisher={University of California Press}
}
@TechReport{scharfsteinetal2013,
  author = 	 {Scharfstein, D O and McDermott, A. and Olson, W. and Weigand, F.},
  title = 	 {Global Sensitivity Analysis for Repeated Measures
                  Studies with Informative Drop-out},
  institution =  {Johns Hopkins Bloomberg School of Public Health},
  year = 	 {2013},
  OPTkey = 	 {},
  OPTtype = 	 {},
  OPTnumber = 	 {},
  OPTaddress = 	 {},
  OPTmonth = 	 {},
  OPTnote = 	 {},
  OPTannote = 	 {}
}
@article{li2010bayesian,
  title={Bayesian inference in semiparametric mixed models for longitudinal data},
  author={Li, Yisheng and Lin, Xihong and M{\"u}ller, Peter},
  journal={Biometrics},
  volume={66},
  number={1},
  pages={70--78},
  year={2010},
  publisher={Wiley Online Library}
}
@article{scharfstein2014global,
  title={Global Sensitivity Analysis for Repeated Measures Studies With
                  Informative Dropout: A Fully Parametric Approach},
  author={Scharfstein, Daniel and McDermott, Aidan and Olson, William and Wiegand, Frank},
  journal={Statistics in Biopharmaceutical Research},
  volume={6},
  number={4},
  pages={338--348},
  year={2014},
  publisher={Taylor \& Francis}
}
@book{jaynes1996probability,
  title={Probability Theory: The Logic of Science},
  author={Jaynes, Edwin T},
  year={1996},
  publisher={Washington University St. Louis, MO}
}
@article{rubin2005causal,
  title={Causal inference using potential outcomes},
  author={Rubin, Donald B},
  journal={Journal of the American Statistical Association},
  volume={100},
  number={469},
  year={2005}
}
@article{karabatsos2012bayesian,
  title={A {B}ayesian nonparametric causal model},
  author={Karabatsos, George and Walker, Stephen G},
  journal={Journal of Statistical Planning and Inference},
  volume={142},
  number={4},
  pages={925--934},
  year={2012},
  publisher={Elsevier}
}
@article{xu2014bayesian,
  title={Bayesian Nonparametric Estimation for Dynamic Treatment Regimes with
                  Sequential Transition Times},
  author={Xu, Yanxun and Mueller, Peter and Wahed, Abdus S and Thall, Peter F},
  journal={arXiv preprint arXiv:1405.2656},
  year={2014}
}
@article{hill2011bayesian,
  title={Bayesian nonparametric modeling for causal inference},
  author={Hill, Jennifer L},
  journal={Journal of Computational and Graphical Statistics},
  volume={20},
  number={1},
  year={2011},
  pages={217--240}
}
@inproceedings{mohan2013graphical,
  title={Graphical models for inference with missing data},
  author={Mohan, Karthika and Pearl, Judea and Tian, Jin},
  booktitle={Advances in neural information processing systems},
  pages={1277--1285},
  year={2013}
}
@article{robins1997non,
  title={NON-RESPONSE MODELS FOR THE ANALYSIS OF NON-MONOTONE IGNORABLE MISSING
                  DATA},
  author={Robins, James M and Gill, Richard D},
  journal={Statistics in medicine},
  volume={16},
  number={1},
  pages={39--56},
  year={1997}
}

@article{vansteelandt2007estimation,
  title={Estimation of regression models for the mean of repeated outcomes under nonignorable nonmonotone nonresponse},
  author={Vansteelandt, Stijn and Rotnitzky, Andrea and Robins, James M},
  journal={Biometrika},
  volume={94},
  number={4},
  pages={841--860},
  year={2007},
  publisher={Biometrika Trust}
}

@article{molenberghs2008every,
  title={Every missingness not at random model has a missingness at
                  random counterpart with equal fit},
  author={Molenberghs, Geert and Beunckens, Caroline and Sotto,
                  Cristina and Kenward, Michael G},
  journal={Journal of the Royal Statistical Society: Series B
                  (Statistical Methodology)},
  volume={70},
  number={2},
  pages={371--388},
  year={2008},
  publisher={Wiley Online Library}
}

@article{troxel2004index,
  title={An index of local sensitivity to nonignorability},
  author={Troxel, Andrea B and Ma, Guoguang and Heitjan, Daniel F},
  journal={Statistica Sinica},
  volume={14},
  number={4},
  pages={1221--1238},
  year={2004}
}

@article{copas2001local,
  title={Local sensitivity approximations for selectivity bias},
  author={Copas, John and Eguchi, Shinto},
  journal={Journal of the Royal Statistical Society: Series B (Statistical Methodology)},
  volume={63},
  number={4},
  pages={871--895},
  year={2001}
}

@article{verbeke2001sensitivity,
  title={Sensitivity analysis for nonrandom dropout: a local influence approach},
  author={Verbeke, Geert and Molenberghs, Geert and Thijs, Herbert and Lesaffre, Emmanuel and Kenward, Michael G},
  journal={Biometrics},
  volume={57},
  number={1},
  pages={7--14},
  year={2001},
}

@article{geisser1979predictive,
  title={A predictive approach to model selection},
  author={Geisser, Seymour and Eddy, William F},
  journal={Journal of the American Statistical Association},
  volume={74},
  number={365},
  pages={153--160},
  year={1979},
  publisher={Taylor \& Francis Group}
}

@article{lopes2003bayesian,
  title={Bayesian Meta-analysis for Longitudinal Data Models Using Multivariate Mixture Priors},
  author={Lopes, Hedibert Freitas and M{\"u}ller, Peter and Rosner, Gary L},
  journal={Biometrics},
  volume={59},
  number={1},
  pages={66--75},
  year={2003},
  publisher={Wiley Online Library}
}

@article{hanson2008modelling,
  title={Modelling stochastic order in the analysis of receiver operating
                  characteristic data: {B}ayesian non-parametric approaches},
  author={Hanson, Timothy E and Kottas, Athanasios and Branscum, Adam J},
  journal={Journal of the Royal Statistical Society: Series C (Applied Statistics)},
  volume={57},
  number={2},
  pages={207--225},
  year={2008},
  publisher={Wiley Online Library}
}
@article{diaconis1986consistency,
  title={On the consistency of {B}ayes estimates},
  author={Diaconis, Persi and Freedman, David},
  journal={The Annals of Statistics},
  pages={1--26},
  year={1986}
}
@article{freedman1963asymptotic,
  title={On the asymptotic behavior of {B}ayes' estimates in the discrete case},
  author={Freedman, David A},
  journal={The Annals of Mathematical Statistics},
  pages={1386--1403},
  year={1963}
}
@article{muliere1998approximating,
  title={Approximating distributions of random functionals of {F}erguson-{D}irichlet priors},
  author={Muliere, Pietro and Tardella, Luca},
  journal={Canadian Journal of Statistics},
  volume={26},
  number={2},
  pages={283--297},
  year={1998},
  publisher={Wiley Online Library}
}
@article{marinari1992simulated,
  title={Simulated tempering: a new {M}onte {C}arlo scheme},
  author={Marinari, Enzo and Parisi, Giorgio},
  journal={Europhysics Letters},
  volume={19},
  number={6},
  pages={451--458},
  year={1992},
  publisher={IOP Publishing}
}
@book{azzalini2013skew,
  title={The Skew-Normal and Related Families},
  author={Azzalini, Adelchi},
  volume={3},
  year={2013},
  publisher={Cambridge University Press}
}
@Book{tsiatis2007,
  author = 	 {Tsiatis, A A},
  ALTeditor = 	 {},
  title = 	 {Semiparametric Theory and Missing Data},
  publisher = 	 {Springer},
  year = 	 {2007},
  OPTkey = 	 {},
  OPTvolume = 	 {},
  OPTnumber = 	 {},
  OPTseries = 	 {},
  OPTaddress = 	 {},
  OPTedition = 	 {},
  OPTmonth = 	 {},
  OPTnote = 	 {},
  OPTannote = 	 {}
}
@article{ritov2014bayesian,
  title={The Bayesian Analysis of Complex, High-Dimensional Models: Can it be CODA?},
  author={Ritov, Y and Bickel, PJ and Gamst, AC and Kleijn, BJK},
  journal={Statistical Science},
  volume={29},
  number={4},
  pages={619--639},
  year={2014},
  publisher={Institute of Mathematical Statistics}
}
@Article{robins1997,
  author = 	 {Robins, J M},
  title = 	 {Non-Response Models for the Analysis of Non-Monotone
                  Non-Ignorable Missing Data.},
  journal = 	 {Statistics in Medicine},
  year = 	 {1997},
  OPTkey = 	 {},
  volume = 	 {16},
  OPTnumber = 	 {},
  pages = 	 {21--37},
  OPTmonth = 	 {},
  OPTnote = 	 {},
  OPTannote = 	 {}
}

@article{kang2007demystifying,
  title={Demystifying double robustness: A comparison of alternative
                  strategies for estimating a population mean from
                  incomplete data},
  author={Kang, Joseph D Y and Schafer, Joseph L},
  journal={Statistical Science},
  pages={523--539},
  year={2007},
  publisher={JSTOR}
}

@Book{vanderlaanrobins,
  author = 	 {van der Laan, M J and Robins, J M},
  ALTeditor = 	 {},
  title = 	 {Unified Methods for Censored Longitudinal Data and
                  Causality},
  publisher = 	 {Springer},
  year = 	 {2003},
  OPTkey = 	 {},
  OPTvolume = 	 {},
  OPTnumber = 	 {},
  OPTseries = 	 {},
  OPTaddress = 	 {},
  OPTedition = 	 {},
  OPTmonth = 	 {},
  OPTnote = 	 {},
  OPTannote = 	 {}
}
@article{robins2003uniform,
  title={Uniform consistency in causal inference},
  author={Robins, James M and Scheines, Richard and Spirtes, Peter and Wasserman, Larry},
  journal={Biometrika},
  volume={90},
  number={3},
  pages={491--515},
  year={2003},
  publisher={Biometrika Trust}
}
@Article{rubin1974,
  author = 	 {Rubin, D B},
  title = 	 {Estimating Causal Effects of Treatments in
                  Randomized and Nonrandomized Studies},
  journal = 	 {Journal of Educational Psychology},
  year = 	 {1974},
  OPTkey = 	 {},
  volume = 	 {66},
  number = 	 {5},
  pages = 	 {688},
  OPTmonth = 	 {},
  OPTnote = 	 {},
  OPTannote = 	 {}
}

@Article{rubin2005,
  author = 	 {Rubin, D B},
  title = 	 {Causal Inference Using Potential Outcomes.},
  journal = 	 {Journal of the American Statistical Association},
  year = 	 {2005},
  OPTkey = 	 {},
  volume = 	 {100},
  number = 	 {469},
  OPTpages = 	 {},
  OPTmonth = 	 {},
  OPTnote = 	 {},
  OPTannote = 	 {}
}

@Article{kayetal1987,
  author = 	 {Kay, Stanley R. and Flszbein, A. and Opfer, A L},
  title = 	 {The positive and negative syndrome scale {(PANSS)} for
                  schizophrenia.},
  journal = 	 {Schizophrenia Bulletin},
  year = 	 {1987},
  OPTkey = 	 {},
  volume = 	 {13},
  number = 	 {2},
  pages = 	 {261},
  OPTmonth = 	 {},
  OPTnote = 	 {},
  OPTannote = 	 {}
}

@Article{agresticoull1998,
  author = 	 {Agresti, A. and Coull, B A},
  title = 	 {Approximate is Better Than Exact for Interval
                  Estimation of Binomial Proportions},
  journal = 	 {The American Statistician},
  year = 	 {1998},
  OPTkey = 	 {},
  volume = 	 {52},
  OPTnumber = 	 {},
  pages = 	 {119--126},
  OPTmonth = 	 {},
  OPTnote = 	 {},
  OPTannote = 	 {}
}

@Article{wangdaniels2011,
  author = 	 {Wang, C. and Daniels, M J},
  title = 	 {A Note on {MAR}, Identifying Restrictions, Model
                  Comparison, and Sensitivity Analysis in Pattern
                  Mixture Models With and Without Covariates for
                  Incomplete Date},
  journal = 	 {Biometrics},
  year = 	 {2011},
  OPTkey = 	 {},
  volume = 	 {67},
  OPTnumber = 	 {},
  pages = 	 {810--818},
  OPTmonth = 	 {},
  OPTnote = 	 {},
  OPTannote = 	 {}
}


@article{robins1986,
  title = {A new approach to causal inference in mortality studies with a sustained exposure period -- application to control of the healthy worker survival effect},
  author={Robins, James},
  journal={Mathematical Modelling},
  volume={7},
  number={9-12},
  pages={1393--1512},
  year={1986},
  publisher={Elsevier}
}

@article{ferguson1973,
  title={A {B}ayesian analysis of some nonparametric problems},
  author={Ferguson, Thomas S},
  journal={The Annals of Statistics},
  pages={209--230},
  volume={1},
  year={1973}
}

@article{antoniak1974,
  title={Mixtures of {D}irichlet processes with applications to {B}ayesian nonparametric problems},
  author={Antoniak, Charles E},
  journal={The Annals of Statistics},
  pages={1152--1174},
  year={1974},
  publisher={JSTOR}
}

@article{pitman1997two,
author = "Pitman, Jim and Yor, Marc",
journal = "The Annals of Probability",
month = "04",
number = "2",
pages = "855--900",
publisher = "The Institute of Mathematical Statistics",
title = "The two-parameter {P}oisson-{D}irichlet distribution derived from a stable subordinator",
volume = "25",
year = "1997"
}

@article{rodriguez2011nonparametric,
  title={Nonparametric Bayesian models through probit stick-breaking processes},
  author={Rodriguez, Abel and Dunson, David B},
  journal={Bayesian analysis (Online)},
  volume={6},
  number={1},
  year={2011},
  publisher={NIH Public Access}
}
@article{blackwell1973,
  title={Ferguson distributions via {P}{\'o}lya urn schemes},
  author={Blackwell, David and MacQueen, James B},
  journal={The Annals of Statistics},
  pages={353--355},
  year={1973}
}

@Article{bergeretal1994,
  author = 	 {Berger, J O},
  title = 	 {An Overview of Robust Bayesian Analysis},
  journal = 	 {Test},
  year = 	 {1994},
  OPTkey = 	 {},
  volume = 	 {3},
  number = 	 {1},
  pages = 	 {5--124},
  OPTmonth = 	 {},
  OPTnote = 	 {},
  OPTannote = 	 {}
}

@Article{kangschafer2007,
  author = 	 {Kang, J D and Schafer, J L},
  title = 	 {Demystifying Double Robustness: A Comparison of
                  Alternative Strategies for Estimating a Population
                  Mean from Incomplete Data.},
  journal = 	 {Statistic Science},
  year = 	 {2007},
  OPTkey = 	 {},
  volume = 	 {22},
  number = 	 {4},
  pages = 	 {523--539},
  OPTmonth = 	 {},
  OPTnote = 	 {},
  OPTannote = 	 {}
}

@Article{robinsetal1995,
  author = 	 {Robins, J M and Rotnitzky, A and Zhao, L P},
  title = 	 {Analysis of Semiparametric Regression Models for
                  Repeated Outcomes in the Presence of Missing data.},
  journal = 	 {Journal of the American Statistical Association},
  year = 	 {1995},
  OPTkey = 	 {},
  volume = 	 {90},
  number = 	 {429},
  pages = 	 {106--121},
  OPTmonth = 	 {},
  OPTnote = 	 {},
  OPTannote = 	 {}
}

@Article{liangzeger1986,
  author = 	 {Liang, K Y and Zeger, S L},
  title = 	 {Longitudinal Data Analysis using Generalized Linear Models},
  journal = 	 {Biometrika},
  year = 	 {1986},
  OPTkey = 	 {},
  volume = 	 {73},
  number = 	 {1},
  pages = 	 {13--22},
  OPTmonth = 	 {},
  OPTnote = 	 {},
  OPTannote = 	 {}
}

@InProceedings{rasmussen2000,
  author = 	 {Rasmussen, C E},
  title = 	 {The Infinite {G}aussian Mixture Model},
  OPTcrossref =  {},
  OPTkey = 	 {},
  booktitle = {Advances in Neural Information Processing Systems},
  year = 	 {2000},
  OPTeditor = 	 {},
  volume = 	 {12},
  OPTnumber = 	 {},
  OPTseries = 	 {},
  OPTpages = 	 {},
  OPTmonth = 	 {},
  OPTaddress = 	 {},
  OPTorganization = {},
  OPTpublisher = {},
  OPTnote = 	 {},
  OPTannote = 	 {}
}

@Article{harelschafer2006,
  author = 	 {Harel, O and Schafer, J L},
  title = 	 {Partial and Latent Ignorability in Missing-Data Problems},
  journal = 	 {Biometrika},
  year = 	 {2009},
  OPTkey = 	 {},
  volume = 	 {96},
  OPTnumber = 	 {},
  pages = 	 {37--50},
  OPTmonth = 	 {},
  OPTnote = 	 {},
  OPTannote = 	 {}
}

@book{national2010The,
  title={The Prevention and Treatment of Missing Data in Clinical Trials},
  author={
{National Research Council}},
  isbn={9780309158145},
  year={2010},
  publisher={The National Academies Press}
}

@book{manski2009,
  title={Identification for prediction and decision},
  author={Manski, Charles F},
  year={2009},
  publisher={Harvard University Press}
}

@InCollection{hogan2014,
  author = 	 {Hogan, Joseph W and Daniels, Michael J and Hu, Liangyuan},
  title = 	 {A {B}ayesian Perspective on Assessing Sensitivity to
                  Assumptions About Unobserved Data},
  booktitle = 	 {Handbook of Missing Data Methodology},
  OPTcrossref =  {},
  OPTkey = 	 {},
  publisher = {CRC Press},
  year = 	 {2014},
  editor = 	 {Molenberghs, Geert and Fitzmaurice, Garrett and
                  Kenward, Michael G and Tsiatis, Anastasios and
                  Verbeke, Geert},
  OPTvolume = 	 {},
  OPTnumber = 	 {},
  OPTseries = 	 {},
  OPTtype = 	 {},
  OPTchapter = 	 {},
  OPTpages = 	 {},
  OPTedition = 	 {},
  OPTmonth = 	 {},
  OPTaddress = 	 {},
  OPTnote = 	 {},
  OPTannote = 	 {}
}

@Comment Panel on Handling Missing Data in Clinical Trials;

@Article{birminghametal2003,
author={Birmingham, Jolene and Rotnitzky, Andrea and Fitzmaurice, Garrett M},
  title = 	 {Pattern-mixture And Selection Models for Analysing
                  Longitudinal Data with Monotone Missing Patterns},
  journal = 	 {Journal of the Royal Statistical Society, Series B.},
  year = 	 {2003},
  OPTkey = 	 {},
  volume = 	 {65},
  OPTnumber = 	 {},
  pages = 	 {275--297},
  OPTmonth = 	 {},
  OPTnote = 	 {},
  OPTannote = 	 {}
}

@Article{thijsetal2001,
  author = 	 {Thijs, H. and Molenberghs, G. and Michiels, B. and Verbeke, G. and Curran, D.},
  title = 	 {Strategies to Fit Pattern-Mixture Models},
  journal = 	 {Biostatistics},
  year = 	 {2002},
  OPTkey = 	 {},
  volume = 	 {3},
  number = 	 {},
  pages = 	 {245--265},
  OPTmonth = 	 {},
  OPTnote = 	 {},
  OPTannote = 	 {}
}

@Book{tsiatis2006,
  author = 	 {Tsiatis, A A},
  ALTeditor = 	 {},
  title = 	 {Semiparametric Theory and Missing Data},
  publisher = 	 {New York: Springer-Verlag},
  year = 	 {2006},
  OPTkey = 	 {},
  OPTvolume = 	 {},
  OPTnumber = 	 {},
  OPTseries = 	 {},
  OPTaddress = 	 {},
  OPTedition = 	 {},
  OPTmonth = 	 {},
  OPTnote = 	 {},
  OPTannote = 	 {}
}

@Article{me1991,
  author = 	 {Jacobs, R A and Jordan, M I and Nowlan, S J and Hinton, G E },
  title = 	 {Adaptive mixtures of local experts.},
  journal = 	 {Neural Computation},
  year = 	 {1991},
  volume = 	 {3},
  OPTnumber = 	 {},
  pages = 	 {79--87},
  OPTmonth = 	 {},
  OPTnote = 	 {},
  OPTannote = 	 {}
}



@Article{danielspour2002,
  author = 	 {Daniels, M J and Pourahmadi, M},
  title = 	 {Bayesian analysis of covariance matrices and dynamic models for longitudinal data},
  journal = 	 {Biometrika},
  year = 	 {2002},
  OPTkey = 	 {},
  volume = 	 {89},
  number = 	 {3},
  pages = 	 {553--566},
  OPTmonth = 	 {},
  OPTnote = 	 {},
  OPTannote = 	 {}
}
@PhdThesis{linero2015nonparametric,
  author = 	 {Linero, Antonio Ricardo},
  title = 	 {Nonparametric Bayes: Inference Under Nonignorable Missingness and
                  Model Selection},
  school = 	 {University of Florida},
  year = 	 {2015},
  OPTkey = 	 {},
  OPTtype = 	 {},
  OPTaddress = 	 {},
  OPTmonth = 	 {},
  OPTnote = 	 {},
  OPTannote = 	 {}
}
@PhdThesis{taddythesis,
  author = 	 {Taddy, M A},
  title = 	 {Bayesian Nonparametric Analysis of Conditional Distributions and
                  Inference for Poisson Point Processes},
  school = 	 {University of California, Santa Cruz},
  year = 	 {2008},
  OPTkey = 	 {},
  OPTtype = 	 {},
  OPTaddress = 	 {},
  OPTmonth = 	 {},
  OPTnote = 	 {},
  OPTannote = 	 {}
}



@Article{celeuxetal2006,
  author = 	 {Celeux, G. and Forbes, F. and Robert, C. and Titterington, D.},
  title = 	 {Deviance Information Criteria for Missing Data Models.},
  journal = 	 {Bayesian Analysis},
  year = 	 {2006},
  OPTkey = 	 {},
  volume = 	 {1},
  OPTnumber = 	 {},
  pages = 	 {651--674},
  OPTmonth = 	 {},
  OPTnote = 	 {},
  OPTannote = 	 {}
}



@Article{shahbabaneal2009,
  author = 	 {Shahbaba, B and Neal, R M},
  title = 	 {Nonlineaer Models Using {D}irichlet Process Mixtures},
  journal = 	 {Journal of Machine Learning Research},
  year = 	 {2009},
  OPTkey = 	 {},
  volume = 	 {10},
  OPTnumber = 	 {},
  pages = 	 {1829--1850},
  OPTmonth = 	 {},
  OPTnote = 	 {},
  OPTannote = 	 {}
}

@Book{johnsonalbert1999,
  author = 	 {Johnson, V E and Albert, J H},
  ALTeditor = 	 {},
  title = 	 {Ordinal Data Modeling. Statistics for Social Science and Public Policy},
  publisher = 	 {New York: Springer-Verlag},
  year = 	 {1999},
  OPTkey = 	 {},
  OPTvolume = 	 {},
  OPTnumber = 	 {},
  OPTseries = 	 {},
  OPTaddress = 	 {},
  OPTedition = 	 {},
  OPTmonth = 	 {},
  OPTnote = 	 {},
  OPTannote = 	 {}
}

@article{kottas2005,
  title={Nonparametric {B}ayesian modeling for multivariate ordinal data},
  author={Kottas, Athanasios and M{\"u}ller, Peter and Quintana, Fernando},
  journal={Journal of Computational and Graphical Statistics},
  volume={14},
  number={3},
  pages={610--625},
  year={2005},
  publisher={Taylor \& Francis}
}





@Unpublished{kim2015,
  author = 	 {Kim, Chanmin and Daniels, Michael J and Roy, Jason A},
  title = 	 {A Framework for {B}ayesian Nonparametric Inference for
                  Causal Effects of Mediation},
  note = 	 {Working Paper},
  OPTkey = 	 {},
  OPTmonth = 	 {},
  year = 	 {2015},
  OPTannote = 	 {}
}

@Article{mulleretal2011,
  author = 	 {M\"uller, P. and Quintana, F. and Rosner, G.L.},
  title = 	 {A Produt Partition Model with Regression on Covariates},
  journal = 	 {Journal of Computational and Graphical Statistics.},
  year = 	 {2011},
  OPTkey = 	 {},
  volume = 	 {20},
  OPTnumber = 	 {},
  pages = 	 {260--278},
  OPTmonth = 	 {},
  OPTnote = 	 {},
  OPTannote = 	 {}
}

@Article{vansteelandtetal2006,
  author = 	 {Vansteelandt, S. and Goetghebeur, E. and Kenward, M G and Molenberghs, G.},
  title = 	 {Ignorance and Uncertainty Regions as Inferential Tools in a Sensitivity Analysis},
  journal = 	 {Statistica Sinica},
  year = 	 2006,
  volume = 	 16,
  pages = 	 {953--979}}

@Article{wangetal2010,
  author = 	 {Wang, C and Danies, M J and Scharfstein, D O and Land, S.},
  title = 	 {A {B}ayesian shrinkage model for incomplete
                  longitudinal binary data with application to the
                  breast cancer prevention trial},
  journal = 	 {Journal of the American Statistical Association},
  year = 	 {2010},
  OPTkey = 	 {},
  volume = 	 {105},
  OPTnumber = 	 {},
  pages = 	 {1333--1346},
  OPTmonth = 	 {},
  OPTnote = 	 {},
  OPTannote = 	 {}
}



@Article{hendersonetal2000,
  author = 	 {Henderson, R. and Diggle, P J and Dobson, A.},
  title = 	 {Joint Modelling of Longitudinal Measurements and Event Time Data},
  journal = 	 {Biostatistics  (Oxford)},
  year = 	 {2000},
  OPTkey = 	 {},
  volume = 	 {1},
  OPTnumber = 	 {},
  pages = 	 {465--480},
  OPTmonth = 	 {},
  OPTnote = 	 {},
  OPTannote = 	 {}
}

@Article{wucarroll1988,
  author = 	 {Wu, M C and Carroll, R J},
  title = 	 {Estimation and Comparison of Changes in the Presence of Informative Right Censoring by Modeling the Censoring Process.},
  journal = 	 {Biometrics},
  year = 	 {1988},
  OPTkey = 	 {},
  volume = 	 {45},
  OPTnumber = 	 {},
  OPTpages = 	 {175--188},
  OPTmonth = 	 {},
  OPTnote = 	 {},
  OPTannote = 	 {}
}

@Article{hoganlaird1997a,
  author = 	 {Hogan, J W and Laird, N M},
  title = 	 {Mixture Models for the Joint Distribution of Repeated Measures and Event Times},
  journal = 	 {Statistics in Medicine},
  year = 	 {1997},
  OPTkey = 	 {},
  volume = 	 {16},
  OPTnumber = 	 {},
  pages = 	 {239--257},
  OPTmonth = 	 {},
  OPTnote = 	 {},
  OPTannote = 	 {}
}

@article{danielshogan2000,
  title={Reparameterizing the pattern mixture model for sensitivity analyses under informative dropout},
  author={Daniels, Michael J and Hogan, Joseph W},
  journal={Biometrics},
  volume={56},
  number={4},
  pages={1241--1248},
  year={2000},
  publisher={Wiley Online Library}
}

@Book{danielshogan2008,
  author = 	 {Daniels, Michael J and Hogan, Joseph W},
  ALTeditor =    {},
  title = 	 {Missing Data In Longitudinal Studies},
  publisher = 	 {Chapman and Hall/CRC},
  year = 	 {2008},
  OPTkey = 	 {},
  OPTvolume = 	 {},
  OPTnumber = 	 {},
  OPTseries = 	 {},
  OPTaddress = 	 {},
  edition = 	 {1},
  OPTmonth = 	 {},
  OPTnote = 	 {},
  OPTannote = 	 {}
}



@Article{scharfsteinetal2003,
  author = 	 {Scharfstein, Daniel O and Daniels, Michael J and Robins, James M},
  title = 	 {Incorporating Prior Beliefs about Selection Bias Ito
                  the Analysis of Randomized Trials with Missing
                  Outcomes},
  journal = 	 {Biostatistics},
  year = 	 {2003},
  OPTkey = 	 {},
  volume = 	 {4},
  OPTnumber = 	 {},
  pages = 	 {495},
  OPTmonth = 	 {},
  OPTnote = 	 {},
  OPTannote = 	 {}
}



@article{pati2011,
  title={Bayesian geostatistical modelling with informative sampling locations},
  author={Pati, Debdeep and Reich, Brian J and Dunson, David B},
  journal={Biometrika},
  volume={98},
  number={1},
  pages={35--48},
  year={2011}
}

@Article{kenwardmolenberghs2003,
  author = 	 {Kenward, M G and Molenberghs, G and Thijs, H},
  title = 	 {Pattern-mixture models with proper time dependence.},
  journal = 	 {Biometrika},
  year = 	 {2003},
  OPTkey = 	 {},
  volume = 	 {90},
  OPTnumber = 	 {},
  pages = 	 {53--71},
  OPTmonth = 	 {},
  OPTnote = 	 {},
  OPTannote = 	 {}
}

@article{friedman2001greedy,
  title={Greedy function approximation: a gradient boosting machine},
  author={Friedman, Jerome H},
  journal={The Annals of Statistics},
  pages={1189--1232},
  year={2001},
  publisher={JSTOR}
}

@Article{Heckman1979,
  author = 	 {Heckman, J J},
  title = 	 {Sample Selection Bias as a Specification Error.},
  journal = 	 {Econometrica},
  year = 	 {1979},
  OPTkey = 	 {},
  volume = 	 {47},
  OPTnumber = 	 {},
  pages = 	 {153--161},
  OPTmonth = 	 {},
  OPTnote = 	 {},
  OPTannote = 	 {}
}



@Article{digglekenward1994,
  author = 	 {Diggle, P and Kenward, M G},
  title = 	 {Informative Drop-Out in Longitudinal Data Analysis},
  journal = 	 {Applied Statistics},
  year = 	 1994,
  volume = 	 43,
  pages = 	 {49--73}}



@Article{molenberghsetal1997,
  author = 	 {Molenberghs, G and Kenward, M G and Lesaffre, E},
  title = 	 {The Analysis of Longitudinal Ordinal Data with Non-Random Dropout},
  journal = 	 {Biometrika},
  year = 	 {1997},
  OPTkey = 	 {},
  volume = 	 {84},
  OPTnumber = 	 {},
  pages = 	 {33--44},
  OPTmonth = 	 {},
  OPTnote = 	 {},
  OPTannote = 	 {}
}

@Article{molenberghsetal1998,
  author = 	 {Molenberghs, G and Michiels, B. and Kenward, M G and
                  Diggle, P J},
  title = 	 {Monotone Missing Data and Pattern-Mixture Models},
  journal = 	 {Statistica Neerlandica},
  year = 	 {1998},
  OPTkey = 	 {},
  volume = 	 {52},
  OPTnumber = 	 {},
  pages = 	 {153--161},
  OPTmonth = 	 {},
  OPTnote = 	 {},
  OPTannote = 	 {}
}

@article{little1988test,
  title={A test of missing completely at random for multivariate data with missing values},
  author={Little, Roderick J A},
  journal={Journal of the American Statistical Association},
  volume={83},
  number={404},
  pages={1198--1202},
  year={1988},
  publisher={Taylor \& Francis}
}


@incollection{daniels2015bayesian,
  title={Bayesian nonparametrics for missing data in longitudinal clinical trials},
  author={Daniels, Michael J and Linero, Antonio R},
  booktitle={Nonparametric Bayesian Inference in Biostatistics},
  pages={423--446},
  year={2015},
  publisher={Springer}
}

@Article{rubin1976,
  author = 	 {Rubin, D B},
  title = 	 {Inference and missing data},
  journal = 	 {Biometrika},
  year = 	 {1976},
  OPTkey = 	 {},
  volume = 	 {63},
  OPTnumber = 	 {},
  pages = 	 {581--592},
  OPTmonth = 	 {},
  OPTnote = 	 {},
  OPTannote = 	 {}
}



@Article{rotnitzkyetal1998,
  author = 	 {Rotnitzky, A and Robins, J M and Scharfstein, D O},
  title = 	 {Semiparametric Regression for Repeated Outcomes with Non-Ignorable Non-Response},
  journal = 	 {Journal of the American Statistical Association},
  year = 	 {1998},
  OPTkey = 	 {},
  volume = 	 {93},
  OPTnumber = 	 {},
  pages = 	 {1321--1339},
  OPTmonth = 	 {},
  OPTnote = 	 {},
  OPTannote = 	 {}
}

@article{van2006targeted,
  title={Targeted maximum likelihood learning},
  author={van der Laan, Mark J and Rubin, Daniel},
  journal={The International Journal of Biostatistics},
  year={2006},
  volume={2},
  number={1}
}

@book{van2011targeted,
  title={Targeted Learning: Causal Inference for Observational and Experimental Data},
  author={van der Laan, Mark J and Rose, Sherri},
  year={2011},
  publisher={Springer Science \& Business Media}
}


@Article{scharfsteinetal1999,
  author = 	 {Scharfstein, D O and Rotnitzky, A. and Robins, J M},
  title = 	 {Adjusting for Nonignorable Dropout Using
                  Semiparametric nonresponse Models},
  journal = 	 {Journal of the American Statistical Association},
  year = 	 {1999},
  OPTkey = 	 {},
  volume = 	 {94},
  OPTnumber = 	 {},
  OPTpages = 	 {1096--1146},
  OPTmonth = 	 {},
  OPTnote = 	 {},
  OPTannote = 	 {}
}



@Article{jaraetal2011,
  author = 	 {Jara, A. and Hanson, T E and Quintana, F A and M\"uller, P. and Rosner, G L},
  title = 	 {DPpackage: Bayesian Semi- and Nonparametric Modeling in {R}.},
  journal = 	 {Journal of Statistical Software},
  year = 	 {2011},
  OPTkey = 	 {},
  volume = 	 {40},
  OPTnumber = 	 {},
  pages = 	 {1--30},
  OPTmonth = 	 {},
  OPTnote = 	 {},
  OPTannote = 	 {}
}

@Article{dunsonetal2007,
  author = 	 {Dunson, D B and Pillai, N and Park, J H},
  title = 	 {Bayesian Density Regression},
  journal = 	 {Journal of the Royal Statistical Society, Series B},
  year = 	 {2007},
  OPTkey = 	 {},
  volume = 	 {69},
  OPTnumber = 	 {},
  pages = 	 {163--183},
  OPTmonth = 	 {},
  OPTnote = 	 {},
  OPTannote = 	 {}
}

@Article{slicesampling,
  author = 	 {Neal, R M},
  title = 	 {Slice Sampling},
  journal = 	 {The Annals of Statistics},
  year = 	 {2003},
  OPTkey = 	 {},
  volume = 	 {31},
  OPTnumber = 	 {},
  pages = 	 {705--767},
  OPTmonth = 	 {},
  OPTnote = 	 {},
  OPTannote = 	 {}
}

@article{papaspiliopoulos2008,
  title={Retrospective {M}arkov chain {M}onte {C}arlo methods for Dirichlet process hierarchical models},
  author={Papaspiliopoulos, Omiros and Roberts, Gareth O},
  journal={Biometrika},
  volume={95},
  number={1},
  pages={169--186},
  year={2008},
  publisher={Biometrika Trust}
}

@article{lo1984,
  title={On a class of {B}ayesian nonparametric estimates: I. Density estimates},
  author={Lo, Albert Y},
  journal={The Annals of Statistics},
  volume={12},
  number={1},
  pages={351--357},
  year={1984},
  publisher={Institute of Mathematical Statistics}
}

@article{walker2007,
  title={Sampling the {D}irichlet mixture model with slices},
  author={Walker, Stephen G},
  journal={Communications in Statistics—Simulation and Computation{\textregistered}},
  volume={36},
  number={1},
  pages={45--54},
  year={2007},
  publisher={Taylor \& Francis}
}

@Article{ishwaranjames2001,
  author = 	 {Ishwaran, H and James, L F},
  title = 	 {Gibbs Sampling Methods for Stick-Breaking Priors},
  journal = 	 {Journal of the American Statistical Association},
  year = 	 {2001},
  OPTkey = 	 {},
  volume = 	 {96},
  OPTnumber = 	 {},
  pages = 	 {161--173},
  OPTmonth = 	 {},
  OPTnote = 	 {},
  OPTannote = 	 {}
}

 Biometrics 67, 536-54.5


@Article{tsiatisetal2011,
  author = 	 {Tsiatis, A A and Davidian, M. and Cao, W. },
  title = 	 {Improved Doubly Robust Estimation When Data Are
                  Monotonely Coarsened, With Application to
                  Longitudinal Studies With Dropout.},
  journal = 	 {Biometrics},
  year = 	 {2011},
  OPTkey = 	 {},
  volume = 	 {67},
  OPTnumber = 	 {},
  pages = 	 {536--545},
  OPTmonth = 	 {},
  OPTnote = 	 {},
  OPTannote = 	 {}
}

@Article{gaskins2012,
  author = 	 {Gaskins, J T and Daniels, M J},
  title = 	 {A Nonparametric Prior for Simultaneous Covariance Estimation},
  journal = 	 {Biometrika},
  year = 	 {2012},
  volume = 	 {100},
  pages = 	 {125--138},
}

@Article{escobarwest1995,
  author = 	 {Escobar, M D and West, M},
  title = 	 {Bayesian Density Estimation and Inference Using
                  Mixtures},
  journal = 	 {Journal of the American Statistical Association},
  year = 	 {1995},
  OPTkey = 	 {},
  volume = 	 {90},
  OPTnumber = 	 {},
  pages = 	 {577--588},
  OPTmonth = 	 {},
  OPTnote = 	 {},
  OPTannote = 	 {}
}



@Article{little1994,
  author = 	 {Little, R J A},
  title = 	 {A Class of Pattern-Mixture Models for Normal
                  Incomplete Data},
  journal = 	 {Biometrika},
  year = 	 {1994},
  OPTkey = 	 {},
  volume = 	 {81},
  OPTnumber = 	 {},
  pages = 	 {471--483},
  OPTmonth = 	 {},
  OPTnote = 	 {},
  OPTannote = 	 {}
}




@Article{little1993,
  author = 	 {Little, R J A},
  title = 	 {Pattern-Mixture Models for Multivariate Incomplete
                  Data},
  journal = 	 {Journal of the American Statistical Association},
  year = 	 {1993},
  OPTkey = 	 {},
  volume = 	 {88},
  OPTnumber = 	 {},
  pages = 	 {125--134},
  OPTmonth = 	 {},
  OPTnote = 	 {},
  OPTannote = 	 {}
}



@Article{linetal2004,
  author = 	 {Lin, H. and McCulloch, C E and Rosenheck, R A},
  title = 	 {Latent Pattern Mixture Models for Informative Intermittent Missing Data in Longitudinal Studies.},
  journal = 	 {Biometrics},
  year = 	 {2004},
  OPTkey = 	 {},
  volume = 	 {60},
  OPTnumber = 	 {},
  pages = 	 {295--305},
  OPTmonth = 	 {},
  OPTnote = 	 {},
  OPTannote = 	 {}
}

@article{liang1986,
  title={Longitudinal data analysis using generalized linear models},
  author={Liang, Kung-Yee and Zeger, Scott L},
  journal={Biometrika},
  volume={73},
  number={1},
  pages={13--22},
  year={1986},
  publisher={Biometrika Trust}
}

@article{dunson2007,
  title={Bayesian methods for latent trait modelling of longitudinal data},
  author={Dunson, David B},
  journal={Statistical Methods in Medical Research},
  year={2007},
  publisher={SAGE Publications}
}

@article{kleinman1998,
  title={A semiparametric {B}ayesian approach to the random effects model},
  author={Kleinman, Ken P and Ibrahim, Joseph G},
  journal={Biometrics},
  pages={921--938},
  year={1998}
}

@article{ibrahim2001missing,
  title={Missing responses in generalised linear mixed models when the
                  missing data mechanism is nonignorable},
  author={Ibrahim, Joseph G and Chen, Ming-Hui and Lipsitz, Stuart R},
  journal={Biometrika},
  volume={88},
  number={2},
  pages={551--564},
  year={2001},
  publisher={Biometrika Trust}
}

@article{troxel1998analysis,
  title={Analysis of longitudinal data with non-ignorable non-monotone missing values},
  author={Troxel, Andrea B and Harrington, David P and Lipsitz, Stuart R},
  journal={Journal of the Royal Statistical Society: Series C (Applied Statistics)},
  volume={47},
  number={3},
  pages={425--438},
  year={1998},
  publisher={Wiley Online Library}
}

@article{albert2000transitional,
  title={A transitional model for longitudinal binary data subject to nonignorable missing data},
  author={Albert, Paul S},
  journal={Biometrics},
  volume={56},
  number={2},
  pages={602--608},
  year={2000},
  publisher={Wiley Online Library}
}

@article{dunson2001,
  title={Factor analytic models of clustered multivariate data with informative censoring},
  author={Dunson, David B and Perreault, Sally D},
  journal={Biometrics},
  volume={57},
  number={1},
  pages={302--308},
  year={2001},
  publisher={Wiley Online Library}
}

@Article{roy2003,
  author = 	 {Roy, J.},
  title = 	 {Modeling Longitudinal Data with Nonignorable Dropouts Using a Latent Dropout Class Model},
  journal = 	 {Biometrics},
  year = 	 {2003},
  OPTkey = 	 {},
  volume = 	 {59},
  OPTnumber = 	 {},
  pages = 	 {441--456},
  OPTmonth = 	 {},
  OPTnote = 	 {},
  OPTannote = 	 {}
}



@Book{littlerubin,
  author = 	 {Little, R J A and Rubin, D B},
  ALTeditor = 	 {},
  title = 	 {Statistical Analysis with Missing Data},
  publisher = 	 {New York: Wiley},
  year = 	 {1987},
  OPTkey = 	 {},
  OPTvolume = 	 {},
  OPTnumber = 	 {},
  OPTseries = 	 {},
  OPTaddress = 	 {},
  OPTedition = 	 {},
  OPTmonth = 	 {},
  OPTnote = 	 {},
  OPTannote = 	 {}
}

@Article{sethuraman1994,
  author = 	 {Sethuraman, J.},
  title = 	 {A Constructive Definition of {D}irichlet Priors},
  journal = 	 {Statistica Sinica},
  year = 	 {1994},
  OPTkey = 	 {},
  volume = 	 {4},
  OPTnumber = 	 {},
  pages = 	 {639--650},
  OPTmonth = 	 {},
  OPTnote = 	 {},
  OPTannote = 	 {}
}

@Article{zhangheitjan2006,
  author = 	 {Zhang, J. and Heitjan, D.},
  title = 	 {A Simple Local Sensitivity Analysis Tool for
                  Nonignorable Coarsening: Application to Dependent
                  Censoring},
  journal = 	 {Biometrics},
  year = 	 {2006},
  OPTkey = 	 {},
  volume = 	 {62},
  OPTnumber = 	 {},
  pages = 	 {1260--1268},
  OPTmonth = 	 {},
  OPTnote = 	 {},
  OPTannote = 	 {}
}
@article{pati2013posterior,
  title={Posterior consistency in conditional distribution estimation},
  author={Pati, Debdeep and Dunson, David B and Tokdar, Surya T},
  journal={Journal of Multivariate Analysis},
  volume={116},
  pages={456--472},
  year={2013},
  publisher={Elsevier}
}
@Article{neal2000,
  author = 	 {Neal, R M},
  title = 	 {Markov Chain Sampling Methods for {D}irichlet Process
                  Mixture Models},
  journal = 	 {Journal of Computational and Graphical Statistics},
  year = 	 {2000},
  OPTkey = 	 {},
  volume = 	 {9},
  OPTnumber = 	 {},
  pages = 	 {249--265},
  OPTmonth = 	 {},
  OPTnote = 	 {},
  OPTannote = 	 {}
}

Article{antoniak1974,
  author = 	 {Antoniak, C E},
  title = 	 {Mixtures of Dirichlet Processes with Applications to
                  Bayesian Nonparametric Probelsm},
  journal = 	 {The Annals of Statistics},
  year = 	 {1974},
  OPTkey = 	 {},
  volume = 	 {2},
  OPTnumber = 	 {},
  pages = 	 {1152--1174},
  OPTmonth = 	 {},
  OPTnote = 	 {},
  OPTannote = 	 {}
}

Article{doss1994,
  author = 	 {Doss, H.},
  title = 	 {Bayesian Nonparametric estimation for Incomplete
                  Data via Successive Substitution Sampling},
  journal = 	 {The Annals of Statistics},
  year = 	 {1994},
  OPTkey = 	 {},
  volume = 	 {22},
  OPTnumber = 	 {},
  pages = 	 {1763--1786},
  OPTmonth = 	 {},
  OPTnote = 	 {},
  OPTannote = 	 {}
}

@Article{leeberger2001,
  author = 	 {Lee, J. and Berger, J.},
  title = 	 {Semiparametric {B}ayesian Analysis of Selection Models},
  journal = 	 {Journal of the American Statisticial Association},
  year = 	 {2001},
  OPTkey = 	 {},
  volume = 	 {96},
  OPTnumber = 	 {},
  pages = 	 {1397--1409},
  OPTmonth = 	 {},
  OPTnote = 	 {},
  OPTannote = 	 {}
}

@article{woody2020model,
  title={Model interpretation through lower-dimensional posterior summarization},
  author={Woody, Spencer and Carvalho, Carlos M and Murray, Jared S},
  journal={Journal of Computational and Graphical Statistics},
  pages={1--9},
  year={2020},
  publisher={Taylor \& Francis}
}

@article{hahn2015decoupling,
  title={Decoupling shrinkage and selection in Bayesian linear models: a posterior summary perspective},
  author={Hahn, P Richard and Carvalho, Carlos M},
  journal={Journal of the American Statistical Association},
  volume={110},
  number={509},
  pages={435--448},
  year={2015},
  publisher={Taylor \& Francis}
}

@article{basak2021algorithm,
  title={Semiparametric analysis of clustered interval-censored survival data using soft Bayesian additive regression trees {(SBART)}},
  author={Basak, P. and Linero, A.R. and Sinha, D.},
  journal={Biometrics},
  volume={78},
  number={3},
  pages={880--893},
  year={2021}
}